2016.08.11 00:00:00.020,1.1185,1.11855,4.42,2.70
2016.08.11 00:00:00.175,1.11851,1.11855,1.35,1.95
2016.08.11 00:00:00.408,1.11851,1.11855,2.17,2.25
2016.08.11 00:00:00.463,1.11851,1.11855,3.67,1.00
2016.08.11 00:00:00.616,1.11851,1.11855,1.42,1.50
2016.08.11 00:00:00.711,1.11851,1.11855,1.42,1.00
2016.08.11 00:00:00.914,1.1185,1.11855,11.17,1.50
2016.08.11 00:00:01.016,1.1185,1.11855,11.36,1.50
2016.08.11 00:00:01.262,1.11851,1.11855,1.42,1.00
2016.08.11 00:00:01.361,1.1185,1.11855,7.87,1.50
2016.08.11 00:00:01.413,1.1185,1.11855,9.75,1.50
2016.08.11 00:00:01.464,1.1185,1.11855,9.75,2.25
2016.08.11 00:00:01.515,1.11851,1.11855,1.61,1.50
2016.08.11 00:00:01.566,1.11851,1.11855,1.61,1.00
2016.08.11 00:00:01.719,1.1185,1.11855,9.30,1.50
2016.08.11 00:00:01.770,1.11851,1.11855,1.61,1.50
2016.08.11 00:00:01.821,1.11851,1.11855,1.29,2.25
2016.08.11 00:00:01.872,1.11851,1.11855,1.61,1.50
2016.08.11 00:00:01.924,1.11851,1.11855,1.42,2.25
2016.08.11 00:00:01.975,1.11851,1.11855,1.10,2.25
2016.08.11 00:00:02.026,1.11851,1.11855,1.10,1.50
2016.08.11 00:00:02.272,1.11851,1.11855,2.17,2.25
2016.08.11 00:00:02.529,1.11851,1.11855,2.17,1.50
2016.08.11 00:00:03.180,1.11851,1.11855,1.42,1.00
2016.08.11 00:00:03.486,1.11851,1.11855,2.92,1.00
2016.08.11 00:00:03.537,1.11851,1.11856,3.67,6.07
2016.08.11 00:00:03.589,1.11851,1.11856,4.01,8.32
2016.08.11 00:00:03.640,1.11851,1.11856,4.01,7.57
2016.08.11 00:00:04.109,1.11851,1.11856,4.01,8.32
2016.08.11 00:00:04.160,1.11851,1.11856,1.91,9.07
2016.08.11 00:00:04.211,1.11851,1.11854,1.09,1.00
2016.08.11 00:00:04.313,1.11851,1.11855,1.25,2.32
2016.08.11 00:00:04.552,1.11851,1.11855,1.25,1.10
2016.08.11 00:00:04.605,1.11851,1.11854,1.25,1.00
2016.08.11 00:00:05.063,1.11851,1.11854,1.31,1.00
2016.08.11 00:00:05.165,1.11851,1.11854,1.25,1.00
2016.08.11 00:00:05.216,1.11851,1.11856,2.44,9.37
2016.08.11 00:00:05.267,1.11851,1.11856,2.44,7.87
2016.08.11 00:00:05.318,1.11851,1.11856,2.44,4.87
2016.08.11 00:00:05.369,1.11851,1.11856,2.44,5.62
2016.08.11 00:00:05.421,1.11851,1.11856,2.29,7.87
2016.08.11 00:00:05.472,1.11851,1.11856,3.79,7.87
2016.08.11 00:00:05.736,1.11851,1.11856,4.31,7.87
2016.08.11 00:00:05.801,1.11851,1.11856,3.04,7.87
2016.08.11 00:00:05.852,1.11851,1.11856,4.54,7.12
2016.08.11 00:00:05.903,1.11851,1.11856,5.29,7.12
2016.08.11 00:00:05.954,1.11851,1.11856,3.79,7.12
2016.08.11 00:00:06.053,1.11851,1.11856,3.26,4.87
2016.08.11 00:00:06.104,1.11851,1.11855,2.44,1.10
2016.08.11 00:00:06.205,1.11851,1.11855,2.29,1.10
2016.08.11 00:00:06.307,1.11851,1.11855,2.44,1.10
2016.08.11 00:00:06.408,1.11851,1.11855,2.29,1.10
2016.08.11 00:00:07.086,1.11851,1.11856,3.04,7.12
2016.08.11 00:00:07.242,1.11851,1.11856,3.56,7.12
2016.08.11 00:00:07.546,1.11851,1.11856,3.56,6.37
2016.08.11 00:00:07.597,1.11851,1.11856,2.96,6.37
2016.08.11 00:00:07.649,1.11851,1.11856,3.56,6.37
2016.08.11 00:00:07.751,1.11851,1.11856,3.56,4.12
2016.08.11 00:00:07.853,1.11851,1.11856,3.56,6.37
2016.08.11 00:00:08.107,1.11851,1.11856,3.41,6.37
2016.08.11 00:00:08.158,1.11851,1.11856,3.04,6.37
2016.08.11 00:00:08.209,1.11851,1.11856,2.29,4.12
2016.08.11 00:00:08.260,1.11851,1.11856,2.29,1.87
2016.08.11 00:00:08.488,1.11851,1.11856,2.29,4.12
2016.08.11 00:00:08.539,1.11851,1.11856,2.29,6.37
2016.08.11 00:00:10.013,1.11851,1.11856,2.29,4.12
2016.08.11 00:00:10.067,1.11851,1.11856,2.29,6.37
2016.08.11 00:00:12.058,1.11851,1.11856,2.29,4.12
2016.08.11 00:00:12.160,1.11851,1.11856,2.29,6.37
2016.08.11 00:00:12.261,1.11851,1.11856,2.66,6.37
2016.08.11 00:00:12.312,1.11851,1.11856,2.66,4.12
2016.08.11 00:00:12.870,1.11851,1.11856,2.66,1.87
2016.08.11 00:00:12.971,1.11851,1.11856,2.66,4.12
2016.08.11 00:00:13.661,1.11851,1.11856,2.06,3.97
2016.08.11 00:00:13.712,1.11851,1.11855,1.25,1.10
2016.08.11 00:00:13.763,1.1185,1.11855,2.66,1.10
2016.08.11 00:00:13.827,1.1185,1.11855,3.26,1.10
2016.08.11 00:00:13.878,1.1185,1.11855,3.45,1.10
2016.08.11 00:00:13.929,1.1185,1.11855,5.96,1.10
2016.08.11 00:00:13.980,1.1185,1.11855,6.71,1.10
2016.08.11 00:00:14.031,1.1185,1.11856,7.84,8.62
2016.08.11 00:00:14.082,1.1185,1.11856,7.99,7.87
2016.08.11 00:00:14.133,1.1185,1.11856,5.29,7.87
2016.08.11 00:00:14.184,1.11852,1.11856,1.00,6.37
2016.08.11 00:00:14.235,1.11852,1.11856,1.25,5.62
2016.08.11 00:00:14.908,1.11852,1.11855,1.25,1.10
2016.08.11 00:00:15.163,1.1185,1.11855,9.64,1.10
2016.08.11 00:00:15.265,1.11851,1.11855,1.19,1.10
2016.08.11 00:00:15.621,1.11851,1.11854,1.19,1.00
2016.08.11 00:00:15.672,1.11851,1.11854,1.30,1.00
2016.08.11 00:00:15.741,1.11851,1.11856,2.47,10.12
2016.08.11 00:00:15.792,1.11851,1.11855,2.10,1.10
2016.08.11 00:00:15.893,1.1185,1.11855,10.16,1.57
2016.08.11 00:00:16.152,1.11851,1.11855,1.31,1.20
2016.08.11 00:00:16.252,1.11851,1.11856,2.66,7.12
2016.08.11 00:00:16.308,1.11851,1.11856,2.44,7.12
2016.08.11 00:00:16.359,1.11851,1.11856,3.79,7.12
2016.08.11 00:00:16.410,1.11851,1.11856,3.79,6.75
2016.08.11 00:00:16.460,1.11852,1.11856,1.00,6.37
2016.08.11 00:00:16.613,1.11852,1.11855,1.00,1.10
2016.08.11 00:00:16.867,1.11852,1.11855,1.00,1.00
2016.08.11 00:00:17.019,1.11852,1.11856,1.00,7.87
2016.08.11 00:00:17.070,1.11851,1.11856,1.42,8.62
2016.08.11 00:00:17.121,1.11851,1.11855,1.47,1.20
2016.08.11 00:00:17.172,1.11851,1.11855,1.10,1.57
2016.08.11 00:00:17.223,1.1185,1.11855,9.41,1.57
2016.08.11 00:00:17.274,1.1185,1.11855,11.66,1.57
2016.08.11 00:00:17.325,1.1185,1.11855,11.89,1.57
2016.08.11 00:00:17.376,1.1185,1.11855,12.19,1.50
2016.08.11 00:00:17.427,1.1185,1.11855,11.96,1.50
2016.08.11 00:00:17.623,1.11851,1.11856,2.14,7.95
2016.08.11 00:00:17.675,1.11852,1.11856,1.25,6.07
2016.08.11 00:00:18.237,1.11852,1.11856,1.69,3.07
2016.08.11 00:00:18.441,1.11852,1.11856,1.69,5.32
2016.08.11 00:00:19.663,1.11852,1.11856,1.31,5.70
2016.08.11 00:00:19.713,1.11852,1.11856,1.25,6.07
2016.08.11 00:00:20.252,1.11852,1.11856,1.25,3.82
2016.08.11 00:00:20.642,1.11852,1.11856,1.25,6.07
2016.08.11 00:00:22.356,1.11852,1.11856,1.25,3.82
2016.08.11 00:00:22.458,1.11852,1.11856,1.25,6.07
2016.08.11 00:00:23.360,1.11852,1.11856,1.25,3.82
2016.08.11 00:00:23.462,1.11852,1.11856,1.25,6.07
2016.08.11 00:00:24.559,1.11852,1.11856,1.25,3.82
2016.08.11 00:00:24.661,1.11852,1.11856,1.25,6.07
2016.08.11 00:00:25.268,1.11852,1.11856,1.25,3.82
2016.08.11 00:00:25.491,1.11852,1.11856,1.25,6.07
2016.08.11 00:00:26.295,1.11852,1.11856,1.25,3.82
2016.08.11 00:00:26.397,1.11852,1.11856,1.25,6.07
2016.08.11 00:00:26.906,1.11852,1.11856,1.25,3.82
2016.08.11 00:00:27.017,1.11852,1.11856,1.25,6.07
2016.08.11 00:00:27.669,1.11852,1.11856,1.25,3.82
2016.08.11 00:00:27.796,1.11852,1.11856,1.25,6.07
2016.08.11 00:00:28.610,1.11857,1.11858,3.75,5.10
2016.08.11 00:00:28.673,1.11858,1.11859,1.00,1.00
2016.08.11 00:00:28.724,1.11859,1.11862,1.00,2.17
2016.08.11 00:00:28.776,1.11859,1.11862,1.87,1.05
2016.08.11 00:00:28.867,1.11859,1.11863,3.00,2.17
2016.08.11 00:00:28.920,1.11861,1.11863,1.00,2.17
2016.08.11 00:00:28.972,1.11861,1.11863,1.25,2.10
2016.08.11 00:00:29.023,1.11861,1.11863,1.31,2.10
2016.08.11 00:00:29.126,1.11861,1.11863,1.69,2.10
2016.08.11 00:00:29.350,1.11861,1.11863,1.25,2.10
2016.08.11 00:00:29.401,1.1186,1.11863,1.37,2.85
2016.08.11 00:00:29.452,1.11859,1.11863,1.57,2.85
2016.08.11 00:00:29.606,1.11859,1.1186,1.20,1.00
2016.08.11 00:00:29.658,1.11858,1.1186,2.25,1.50
2016.08.11 00:00:29.710,1.11858,1.1186,1.12,1.00
2016.08.11 00:00:29.762,1.11857,1.11861,1.87,13.31
2016.08.11 00:00:29.813,1.11855,1.11858,1.31,1.50
2016.08.11 00:00:29.864,1.11855,1.11857,1.12,4.50
2016.08.11 00:00:30.102,1.11853,1.11856,3.97,3.00
2016.08.11 00:00:30.154,1.11853,1.11856,2.47,3.00
2016.08.11 00:00:30.205,1.11855,1.11859,2.10,20.70
2016.08.11 00:00:30.256,1.11852,1.11856,5.51,3.00
2016.08.11 00:00:30.763,1.11852,1.11856,5.89,3.00
2016.08.11 00:00:30.814,1.11853,1.11856,1.12,2.34
2016.08.11 00:00:30.915,1.11853,1.11856,1.12,1.50
2016.08.11 00:00:31.017,1.11853,1.11856,1.12,2.34
2016.08.11 00:00:32.118,1.11854,1.11856,1.72,1.59
2016.08.11 00:00:32.170,1.11854,1.11856,2.06,1.12
2016.08.11 00:00:32.221,1.11854,1.11856,2.44,1.12
2016.08.11 00:00:32.272,1.11854,1.11856,1.69,1.12
2016.08.11 00:00:32.495,1.11854,1.11859,1.76,2.25
2016.08.11 00:00:32.547,1.11854,1.11859,2.74,1.50
2016.08.11 00:00:32.599,1.11855,1.11859,2.62,1.12
2016.08.11 00:00:32.650,1.11855,1.11859,3.00,1.00
2016.08.11 00:00:33.468,1.11855,1.11859,2.25,1.00
2016.08.11 00:00:33.671,1.11855,1.11859,3.00,1.00
2016.08.11 00:00:34.035,1.11858,1.11859,1.00,1.00
2016.08.11 00:00:34.137,1.11858,1.11861,1.00,6.07
2016.08.11 00:00:34.341,1.11858,1.11861,1.00,6.00
2016.08.11 00:00:34.392,1.11858,1.11861,1.00,6.75
2016.08.11 00:00:34.496,1.11858,1.11861,1.00,6.00
2016.08.11 00:00:34.601,1.11858,1.11861,1.00,3.75
2016.08.11 00:00:34.714,1.11858,1.11861,1.00,6.00
2016.08.11 00:00:35.368,1.11858,1.1186,1.00,1.69
2016.08.11 00:00:35.419,1.11856,1.1186,1.72,5.44
2016.08.11 00:00:35.470,1.11856,1.11859,1.12,1.00
2016.08.11 00:00:35.522,1.11855,1.1186,3.94,3.37
2016.08.11 00:00:35.624,1.11855,1.1186,3.94,1.87
2016.08.11 00:00:35.675,1.11855,1.1186,3.19,1.87
2016.08.11 00:00:35.761,1.11855,1.1186,3.19,1.12
2016.08.11 00:00:35.812,1.11855,1.1186,3.19,1.87
2016.08.11 00:00:35.867,1.11855,1.1186,3.94,1.87
2016.08.11 00:00:35.918,1.11855,1.1186,3.94,1.12
2016.08.11 00:00:36.691,1.11855,1.1186,3.19,1.12
2016.08.11 00:00:36.793,1.11855,1.1186,3.94,1.12
2016.08.11 00:00:36.996,1.11855,1.1186,3.19,1.12
2016.08.11 00:00:37.222,1.11855,1.1186,3.94,1.12
2016.08.11 00:00:37.474,1.11855,1.1186,3.19,1.12
2016.08.11 00:00:37.773,1.11855,1.1186,3.94,1.12
2016.08.11 00:00:38.979,1.11855,1.1186,3.19,1.12
2016.08.11 00:00:39.176,1.11855,1.1186,3.94,1.12
2016.08.11 00:00:40.632,1.11855,1.1186,3.19,1.12
2016.08.11 00:00:40.734,1.11855,1.1186,3.94,1.12
2016.08.11 00:00:41.247,1.11855,1.1186,3.19,1.12
2016.08.11 00:00:41.430,1.11855,1.1186,3.94,1.12
2016.08.11 00:00:41.988,1.11855,1.1186,3.19,1.87
2016.08.11 00:00:42.039,1.11855,1.1186,2.44,1.87
2016.08.11 00:00:42.090,1.11856,1.1186,1.10,1.12
2016.08.11 00:00:42.141,1.11857,1.1186,1.00,1.00
2016.08.11 00:00:46.387,1.11856,1.1186,1.10,1.00
2016.08.11 00:00:48.244,1.11856,1.1186,1.10,1.12
2016.08.11 00:00:48.295,1.11855,1.1186,4.31,1.50
2016.08.11 00:00:48.346,1.11855,1.1186,3.56,1.87
2016.08.11 00:00:48.398,1.11855,1.1186,3.56,1.50
2016.08.11 00:00:48.500,1.11855,1.1186,3.56,2.47
2016.08.11 00:00:48.603,1.11855,1.1186,3.56,3.22
2016.08.11 00:00:48.654,1.11855,1.1186,3.56,3.97
2016.08.11 00:00:51.170,1.11855,1.11859,2.81,1.50
2016.08.11 00:00:51.221,1.11855,1.11857,2.81,1.00
2016.08.11 00:00:51.272,1.11855,1.11856,1.31,3.00
2016.08.11 00:00:51.323,1.11854,1.11856,1.50,6.00
2016.08.11 00:00:51.374,1.11853,1.11856,1.76,4.50
2016.08.11 00:00:51.476,1.11853,1.11856,1.76,6.75
2016.08.11 00:00:51.578,1.11853,1.11856,1.69,6.75
2016.08.11 00:00:52.129,1.11853,1.11856,1.69,9.00
2016.08.11 00:00:52.181,1.11853,1.11855,1.31,1.00
2016.08.11 00:00:52.232,1.11851,1.11855,1.50,1.50
2016.08.11 00:00:52.283,1.11851,1.11853,1.20,1.00
2016.08.11 00:00:52.334,1.11851,1.11853,1.10,1.00
2016.08.11 00:00:52.386,1.11851,1.11854,1.10,1.00
2016.08.11 00:00:52.488,1.11851,1.11854,1.00,1.00
2016.08.11 00:00:52.539,1.11851,1.11855,1.00,1.10
2016.08.11 00:00:53.219,1.11851,1.11856,1.00,13.12
2016.08.11 00:00:53.422,1.11851,1.11855,1.00,1.10
2016.08.11 00:00:53.524,1.11851,1.11856,1.00,11.62
2016.08.11 00:00:54.568,1.11851,1.11854,1.00,1.00
2016.08.11 00:00:54.670,1.11853,1.11855,1.00,1.10
2016.08.11 00:00:54.824,1.11853,1.11856,1.00,10.87
2016.08.11 00:00:54.875,1.11853,1.11856,1.00,8.62
2016.08.11 00:00:54.926,1.11854,1.11856,1.00,6.37
2016.08.11 00:00:54.978,1.11854,1.11856,1.00,4.87
2016.08.11 00:00:55.030,1.11855,1.11856,2.25,1.00
2016.08.11 00:00:55.082,1.11855,1.11857,3.00,1.50
2016.08.11 00:00:55.134,1.11855,1.1186,1.87,6.82
2016.08.11 00:00:55.186,1.11856,1.11859,1.00,1.00
2016.08.11 00:00:55.237,1.11856,1.11859,1.00,1.50
2016.08.11 00:00:55.531,1.11856,1.1186,1.50,1.95
2016.08.11 00:00:55.582,1.11856,1.1186,1.00,1.20
2016.08.11 00:00:55.633,1.11856,1.11861,2.44,9.22
2016.08.11 00:00:55.684,1.11856,1.11861,3.19,10.72
2016.08.11 00:00:55.735,1.11856,1.11861,3.56,10.35
2016.08.11 00:00:55.786,1.11856,1.11861,3.94,9.97
2016.08.11 00:00:55.837,1.11856,1.11861,2.44,9.37
2016.08.11 00:00:55.939,1.11856,1.1186,2.44,1.10
2016.08.11 00:00:56.041,1.11857,1.11861,1.00,9.37
2016.08.11 00:00:56.092,1.11856,1.11861,3.94,9.75
2016.08.11 00:00:56.143,1.11857,1.11861,1.00,9.37
2016.08.11 00:00:56.194,1.11857,1.11861,1.12,9.00
2016.08.11 00:00:56.245,1.11857,1.11861,1.50,8.62
2016.08.11 00:00:56.519,1.11857,1.11861,1.12,9.75
2016.08.11 00:00:56.769,1.11857,1.11861,1.50,8.62
2016.08.11 00:00:56.921,1.11857,1.1186,1.12,1.10
2016.08.11 00:00:56.972,1.11856,1.1186,2.44,1.10
2016.08.11 00:00:57.023,1.11856,1.11861,2.44,7.12
2016.08.11 00:00:57.075,1.11856,1.11861,2.44,9.97
2016.08.11 00:00:57.227,1.11856,1.11861,2.44,9.22
2016.08.11 00:00:57.278,1.11856,1.11861,1.69,6.97
2016.08.11 00:00:57.380,1.11856,1.11861,2.44,7.72
2016.08.11 00:00:57.532,1.11856,1.11861,3.94,7.72
2016.08.11 00:00:57.633,1.11856,1.11861,3.94,7.35
2016.08.11 00:00:57.684,1.11857,1.11861,1.00,6.97
2016.08.11 00:00:57.786,1.11857,1.11861,1.00,4.72
2016.08.11 00:00:57.987,1.11857,1.11861,1.00,4.12
2016.08.11 00:00:58.039,1.11857,1.11861,1.00,4.87
2016.08.11 00:00:58.141,1.11856,1.11861,2.44,4.87
2016.08.11 00:00:58.365,1.11857,1.11861,1.00,5.62
2016.08.11 00:00:59.131,1.11857,1.11861,1.19,5.62
2016.08.11 00:00:59.712,1.11857,1.11861,1.19,6.37
2016.08.11 00:00:59.814,1.11857,1.11861,1.19,7.12
2016.08.11 00:00:59.916,1.11856,1.11861,3.94,7.50
2016.08.11 00:00:59.967,1.11856,1.11861,3.19,7.87
2016.08.11 00:01:00.018,1.11856,1.11861,3.94,7.12
2016.08.11 00:01:00.069,1.11856,1.11861,3.19,4.87
2016.08.11 00:01:00.120,1.11856,1.11861,3.19,4.50
2016.08.11 00:01:00.171,1.11857,1.11861,1.19,6.37
2016.08.11 00:01:00.222,1.11856,1.11861,3.19,7.50
2016.08.11 00:01:00.273,1.11856,1.11861,3.19,7.87
2016.08.11 00:01:00.429,1.11856,1.11861,5.44,7.12
2016.08.11 00:01:00.531,1.11856,1.11861,3.94,6.75
2016.08.11 00:01:00.582,1.11857,1.11861,1.69,6.37
2016.08.11 00:01:00.633,1.11857,1.11861,1.31,7.50
2016.08.11 00:01:00.684,1.11857,1.11861,1.19,7.87
2016.08.11 00:01:00.735,1.11857,1.11861,2.81,6.75
2016.08.11 00:01:00.830,1.11858,1.11861,1.25,6.37
2016.08.11 00:01:01.199,1.11858,1.11861,1.25,6.07
2016.08.11 00:01:01.374,1.11858,1.11861,2.29,5.32
2016.08.11 00:01:01.425,1.1186,1.11861,1.12,4.57
2016.08.11 00:01:01.476,1.1186,1.11862,7.87,1.12
2016.08.11 00:01:01.527,1.11861,1.11863,1.50,2.25
2016.08.11 00:01:01.578,1.11861,1.11864,2.25,1.75
2016.08.11 00:01:01.629,1.11861,1.11864,2.25,1.00
2016.08.11 00:01:01.680,1.11862,1.11866,1.00,10.12
2016.08.11 00:01:01.731,1.11862,1.11866,1.00,9.82
2016.08.11 00:01:01.781,1.11862,1.11866,1.00,8.32
2016.08.11 00:01:02.015,1.11862,1.11866,1.19,8.32
2016.08.11 00:01:02.066,1.11862,1.11866,1.19,3.82
2016.08.11 00:01:02.117,1.11862,1.11866,1.19,3.07
2016.08.11 00:01:02.168,1.11862,1.11866,1.19,5.32
2016.08.11 00:01:02.898,1.11862,1.11866,1.69,5.32
2016.08.11 00:01:03.131,1.11862,1.11866,3.56,5.32
2016.08.11 00:01:03.182,1.11866,1.11867,1.00,7.87
2016.08.11 00:01:03.233,1.11866,1.11867,1.50,5.62
2016.08.11 00:01:03.285,1.11866,1.11869,1.00,3.00
2016.08.11 00:01:03.336,1.11866,1.11868,1.50,1.67
2016.08.11 00:01:03.387,1.11866,1.11868,2.25,1.35
2016.08.11 00:01:03.692,1.11866,1.11868,2.25,1.00
2016.08.11 00:01:03.794,1.11866,1.11867,2.25,1.35
2016.08.11 00:01:04.042,1.11864,1.11866,1.19,1.00
2016.08.11 00:01:04.093,1.11864,1.11866,1.25,3.00
2016.08.11 00:01:04.194,1.11862,1.11865,1.87,1.00
2016.08.11 00:01:04.246,1.11862,1.11865,1.57,1.00
2016.08.11 00:01:04.297,1.11862,1.11865,1.39,1.00
2016.08.11 00:01:04.348,1.11862,1.11865,1.39,1.50
2016.08.11 00:01:04.500,1.11862,1.11865,1.39,2.25
2016.08.11 00:01:04.552,1.11862,1.11865,1.39,1.50
2016.08.11 00:01:04.603,1.11862,1.11865,1.31,1.00
2016.08.11 00:01:04.654,1.11862,1.11865,1.31,4.12
2016.08.11 00:01:04.705,1.11862,1.11865,1.19,5.62
2016.08.11 00:01:04.756,1.11861,1.11865,1.39,6.90
2016.08.11 00:01:04.954,1.11861,1.11863,1.39,1.00
2016.08.11 00:01:05.006,1.1186,1.11863,1.76,1.00
2016.08.11 00:01:05.362,1.1186,1.11863,3.26,1.00
2016.08.11 00:01:05.412,1.11861,1.11863,1.19,1.00
2016.08.11 00:01:05.463,1.11861,1.11863,1.31,1.00
2016.08.11 00:01:05.514,1.11861,1.11863,1.69,1.00
2016.08.11 00:01:05.565,1.11861,1.11865,1.69,4.57
2016.08.11 00:01:05.645,1.11861,1.11865,1.69,3.82
2016.08.11 00:01:05.696,1.11861,1.11865,1.19,3.45
2016.08.11 00:01:05.748,1.11861,1.11865,1.19,4.20
2016.08.11 00:01:06.061,1.11861,1.11865,2.44,1.10
2016.08.11 00:01:06.112,1.11861,1.11865,1.31,1.10
2016.08.11 00:01:06.163,1.11861,1.11865,2.06,1.10
2016.08.11 00:01:06.265,1.11861,1.11865,4.31,1.10
2016.08.11 00:01:06.316,1.11862,1.11865,1.19,1.10
2016.08.11 00:01:06.367,1.11862,1.11865,1.19,1.00
2016.08.11 00:01:06.470,1.11862,1.11865,1.69,1.00
2016.08.11 00:01:06.521,1.11863,1.11865,1.25,1.00
2016.08.11 00:01:06.572,1.11861,1.11865,3.49,1.00
2016.08.11 00:01:06.623,1.11862,1.11865,1.19,1.00
2016.08.11 00:01:06.991,1.11862,1.11866,1.19,3.07
2016.08.11 00:01:07.096,1.11862,1.11866,1.19,5.32
2016.08.11 00:01:08.204,1.11862,1.11866,1.69,5.32
2016.08.11 00:01:08.256,1.11863,1.11866,3.19,4.57
2016.08.11 00:01:08.307,1.11864,1.11867,1.31,1.12
2016.08.11 00:01:08.409,1.11864,1.11867,1.31,1.10
2016.08.11 00:01:08.460,1.11864,1.11867,2.06,1.10
2016.08.11 00:01:08.562,1.11864,1.11867,1.31,1.10
2016.08.11 00:01:09.271,1.11864,1.11867,3.19,1.10
2016.08.11 00:01:09.322,1.11865,1.11867,1.25,1.10
2016.08.11 00:01:09.373,1.11864,1.11867,1.56,1.10
2016.08.11 00:01:09.424,1.11864,1.11867,1.19,1.10
2016.08.11 00:01:09.475,1.11864,1.11867,1.19,1.00
2016.08.11 00:01:09.678,1.11864,1.11867,2.06,1.00
2016.08.11 00:01:09.729,1.11865,1.11867,1.25,1.00
2016.08.11 00:01:09.780,1.11865,1.11868,1.25,2.92
2016.08.11 00:01:10.217,1.11864,1.11868,1.69,2.92
2016.08.11 00:01:10.271,1.11864,1.11868,1.69,3.07
2016.08.11 00:01:10.373,1.11864,1.11868,3.19,3.07
2016.08.11 00:01:10.424,1.11865,1.11868,1.25,3.07
2016.08.11 00:01:10.576,1.11865,1.11868,1.25,2.92
2016.08.11 00:01:10.678,1.11864,1.11868,1.69,2.92
2016.08.11 00:01:10.780,1.11864,1.11868,3.19,3.07
2016.08.11 00:01:10.841,1.11865,1.11868,1.25,3.07
2016.08.11 00:01:11.095,1.11865,1.11868,1.25,2.32
2016.08.11 00:01:11.196,1.11865,1.11868,1.25,3.07
2016.08.11 00:01:12.516,1.11865,1.11868,1.25,2.32
2016.08.11 00:01:12.618,1.11865,1.11868,1.25,3.07
2016.08.11 00:01:12.771,1.11865,1.11867,1.31,1.10
2016.08.11 00:01:13.012,1.11865,1.11867,2.06,1.00
2016.08.11 00:01:13.064,1.11867,1.1187,1.00,3.37
2016.08.11 00:01:13.115,1.11867,1.1187,1.50,1.12
2016.08.11 00:01:13.166,1.11867,1.11871,1.50,8.62
2016.08.11 00:01:13.318,1.11867,1.11871,1.50,6.37
2016.08.11 00:01:13.369,1.11867,1.11871,1.87,4.95
2016.08.11 00:01:13.420,1.11867,1.11871,2.25,6.82
2016.08.11 00:01:13.471,1.11867,1.11871,1.50,7.57
2016.08.11 00:01:13.675,1.11867,1.11871,2.25,6.82
2016.08.11 00:01:13.777,1.11867,1.11871,3.97,7.20
2016.08.11 00:01:13.828,1.11868,1.11871,2.85,6.82
2016.08.11 00:01:14.032,1.11871,1.11872,2.25,5.25
2016.08.11 00:01:14.083,1.11871,1.11874,3.94,3.37
2016.08.11 00:01:14.135,1.11871,1.11875,3.26,1.00
2016.08.11 00:01:14.186,1.11871,1.11875,2.89,1.12
2016.08.11 00:01:14.237,1.11871,1.11875,3.26,1.00
2016.08.11 00:01:14.491,1.11871,1.11875,4.76,1.00
2016.08.11 00:01:14.542,1.11872,1.11875,1.19,1.00
2016.08.11 00:01:14.697,1.11871,1.11875,2.51,1.00
2016.08.11 00:01:14.850,1.11871,1.11875,3.26,1.00
2016.08.11 00:01:15.078,1.11872,1.11875,1.19,1.00
2016.08.11 00:01:17.831,1.11872,1.11875,1.25,1.00
2016.08.11 00:01:17.882,1.11871,1.11875,1.66,1.12
2016.08.11 00:01:18.152,1.11871,1.11875,1.29,1.50
2016.08.11 00:01:18.253,1.11871,1.11875,1.29,2.25
2016.08.11 00:01:18.304,1.11871,1.11875,1.29,3.75
2016.08.11 00:01:18.456,1.11871,1.11874,1.29,1.00
2016.08.11 00:01:18.507,1.11871,1.11874,1.29,1.00
2016.08.11 00:01:18.609,1.11871,1.11874,1.29,1.12
2016.08.11 00:01:19.930,1.11871,1.11874,1.29,1.00
2016.08.11 00:01:21.207,1.11871,1.11875,1.29,2.25
2016.08.11 00:01:21.310,1.11871,1.11875,1.29,1.50
2016.08.11 00:01:21.412,1.11871,1.11875,1.76,1.50
2016.08.11 00:01:21.463,1.11871,1.11875,1.76,2.25
2016.08.11 00:01:21.515,1.11871,1.11874,1.76,1.00
2016.08.11 00:01:21.566,1.11872,1.11874,1.25,1.00
2016.08.11 00:01:21.690,1.11872,1.11875,1.25,2.25
2016.08.11 00:01:21.741,1.11871,1.11874,1.76,1.00
2016.08.11 00:01:21.843,1.11871,1.11874,2.51,1.00
2016.08.11 00:01:22.095,1.11871,1.11875,1.76,1.50
2016.08.11 00:01:22.147,1.11871,1.11875,2.51,1.00
2016.08.11 00:01:23.146,1.11871,1.11875,1.76,1.00
2016.08.11 00:01:23.198,1.11871,1.11875,1.76,1.50
2016.08.11 00:01:23.248,1.11871,1.11874,1.76,1.00
2016.08.11 00:01:23.299,1.11871,1.11876,1.76,6.82
2016.08.11 00:01:23.520,1.11871,1.11876,1.76,6.07
2016.08.11 00:01:23.572,1.11871,1.11874,1.76,1.00
2016.08.11 00:01:23.674,1.11871,1.11875,1.76,2.25
2016.08.11 00:01:23.725,1.11871,1.11874,1.29,1.00
2016.08.11 00:01:23.929,1.11871,1.11875,1.29,1.50
2016.08.11 00:01:23.980,1.11871,1.11875,1.76,1.50
2016.08.11 00:01:25.083,1.11871,1.11875,1.29,3.00
2016.08.11 00:01:25.134,1.11871,1.11875,1.29,3.75
2016.08.11 00:01:25.185,1.11871,1.11875,1.29,2.25
2016.08.11 00:01:25.236,1.11871,1.11875,1.29,1.50
2016.08.11 00:01:28.712,1.11872,1.11875,1.25,1.00
2016.08.11 00:01:30.610,1.11871,1.11875,1.29,1.50
2016.08.11 00:01:34.269,1.11871,1.11875,1.29,2.25
2016.08.11 00:01:34.320,1.11871,1.11875,1.29,4.50
2016.08.11 00:01:34.371,1.11871,1.11874,1.29,1.00
2016.08.11 00:01:35.927,1.11871,1.11874,1.29,1.50
2016.08.11 00:01:43.044,1.11871,1.11874,1.29,1.00
2016.08.11 00:01:43.298,1.11871,1.11874,1.19,1.00
2016.08.11 00:01:47.050,1.11871,1.11874,1.19,1.50
2016.08.11 00:01:47.716,1.11871,1.11873,1.19,1.00
2016.08.11 00:01:47.920,1.1187,1.11873,2.51,1.00
2016.08.11 00:01:48.575,1.1187,1.11873,1.76,1.00
2016.08.11 00:01:48.709,1.1187,1.11873,2.51,1.00
2016.08.11 00:01:49.216,1.1187,1.11873,1.76,1.00
2016.08.11 00:01:49.318,1.1187,1.11873,2.51,1.00
2016.08.11 00:01:49.647,1.1187,1.11873,1.76,1.00
2016.08.11 00:01:49.698,1.1187,1.11873,2.51,1.00
2016.08.11 00:01:51.416,1.1187,1.11874,2.51,1.50
2016.08.11 00:01:51.518,1.11871,1.11874,1.19,1.50
2016.08.11 00:02:09.067,1.1187,1.11874,2.51,1.50
2016.08.11 00:02:09.561,1.1187,1.11874,1.76,1.50
2016.08.11 00:02:09.859,1.1187,1.11874,2.51,1.50
2016.08.11 00:02:10.513,1.1187,1.11874,3.26,1.50
2016.08.11 00:02:10.564,1.1187,1.11874,2.51,1.50
2016.08.11 00:02:10.615,1.1187,1.11874,2.51,1.00
2016.08.11 00:02:10.666,1.1187,1.11874,3.26,1.00
2016.08.11 00:02:11.329,1.1187,1.11874,2.51,1.00
2016.08.11 00:02:11.462,1.1187,1.11874,3.26,1.00
2016.08.11 00:02:11.869,1.1187,1.11874,2.51,1.00
2016.08.11 00:02:11.971,1.1187,1.11874,4.01,1.00
2016.08.11 00:02:12.414,1.1187,1.11874,3.26,1.00
2016.08.11 00:02:12.465,1.1187,1.11874,4.01,1.00
2016.08.11 00:02:12.566,1.11871,1.11874,1.19,1.00
2016.08.11 00:02:12.871,1.11871,1.11875,1.19,3.07
2016.08.11 00:02:12.922,1.11871,1.11874,1.19,1.00
2016.08.11 00:02:12.974,1.1187,1.11874,4.76,1.00
2016.08.11 00:02:13.025,1.1187,1.11875,5.14,3.45
2016.08.11 00:02:13.076,1.1187,1.11874,4.39,1.00
2016.08.11 00:02:13.461,1.1187,1.11874,3.64,1.00
2016.08.11 00:02:13.634,1.1187,1.11874,2.89,1.00
2016.08.11 00:02:13.868,1.1187,1.11874,3.64,1.00
2016.08.11 00:02:14.368,1.11871,1.11874,1.19,1.00
2016.08.11 00:02:15.841,1.11871,1.11874,1.19,1.50
2016.08.11 00:02:15.892,1.11871,1.11874,1.19,1.12
2016.08.11 00:02:15.978,1.11871,1.11874,1.19,1.00
2016.08.11 00:02:16.029,1.11871,1.11874,1.19,1.12
2016.08.11 00:02:20.337,1.11871,1.11874,1.19,1.00
2016.08.11 00:02:20.920,1.11871,1.11873,1.19,1.00
2016.08.11 00:02:29.665,1.11871,1.11874,1.19,1.50
2016.08.11 00:02:30.881,1.1187,1.11874,3.86,1.50
2016.08.11 00:02:31.316,1.1187,1.11874,3.11,1.50
2016.08.11 00:02:31.878,1.1187,1.11874,2.36,1.50
2016.08.11 00:02:32.180,1.1187,1.11874,15.19,1.00
2016.08.11 00:02:32.489,1.1187,1.11874,13.69,1.00
2016.08.11 00:02:32.592,1.1187,1.11874,14.29,1.00
2016.08.11 00:02:32.643,1.1187,1.11874,12.04,1.00
2016.08.11 00:02:32.693,1.1187,1.11874,4.16,1.00
2016.08.11 00:02:33.021,1.1187,1.11874,4.91,1.00
2016.08.11 00:02:33.072,1.1187,1.11874,8.29,1.00
2016.08.11 00:02:33.310,1.1187,1.11874,4.16,1.50
2016.08.11 00:02:33.361,1.1187,1.11874,5.66,1.50
2016.08.11 00:02:33.412,1.1187,1.11874,8.66,1.50
2016.08.11 00:02:33.463,1.1187,1.11874,7.91,1.00
2016.08.11 00:02:33.514,1.1187,1.11874,4.91,1.00
2016.08.11 00:02:33.565,1.1187,1.11874,8.66,1.00
2016.08.11 00:02:33.616,1.1187,1.11874,15.41,1.00
2016.08.11 00:02:33.667,1.1187,1.11874,15.04,1.00
2016.08.11 00:02:33.719,1.1187,1.11874,15.79,1.00
2016.08.11 00:02:33.769,1.1187,1.11874,13.91,1.00
2016.08.11 00:02:33.871,1.1187,1.11874,11.66,1.00
2016.08.11 00:02:33.922,1.1187,1.11874,3.56,1.00
2016.08.11 00:02:33.974,1.1187,1.11874,4.31,1.00
2016.08.11 00:02:34.332,1.1187,1.11874,4.91,1.00
2016.08.11 00:02:34.383,1.1187,1.11874,4.16,1.00
2016.08.11 00:02:34.651,1.1187,1.11874,4.91,1.50
2016.08.11 00:02:35.181,1.1187,1.11874,4.16,1.50
2016.08.11 00:02:35.232,1.1187,1.11874,4.54,1.12
2016.08.11 00:02:35.283,1.1187,1.11874,3.79,1.00
2016.08.11 00:02:35.334,1.1187,1.11874,5.29,1.00
2016.08.11 00:02:35.385,1.1187,1.11874,15.41,1.00
2016.08.11 00:02:35.436,1.1187,1.11874,16.91,1.00
2016.08.11 00:02:35.487,1.1187,1.11874,16.16,1.00
2016.08.11 00:02:35.538,1.1187,1.11874,14.66,1.00
2016.08.11 00:02:35.755,1.1187,1.11874,12.79,1.00
2016.08.11 00:02:35.806,1.1187,1.11874,3.04,1.00
2016.08.11 00:02:35.961,1.1187,1.11874,3.79,1.00
2016.08.11 00:02:36.587,1.1187,1.11874,3.04,1.00
2016.08.11 00:02:36.688,1.1187,1.11874,3.79,1.00
2016.08.11 00:02:37.586,1.1187,1.11874,3.19,1.00
2016.08.11 00:02:37.738,1.1187,1.11874,3.79,1.00
2016.08.11 00:02:37.891,1.1187,1.11874,3.04,1.00
2016.08.11 00:02:37.993,1.1187,1.11875,11.66,1.12
2016.08.11 00:02:38.044,1.1187,1.11875,11.66,1.00
2016.08.11 00:02:38.095,1.11871,1.11875,1.29,1.50
2016.08.11 00:02:38.146,1.1187,1.11874,4.16,1.00
2016.08.11 00:02:38.196,1.1187,1.11874,3.41,1.50
2016.08.11 00:02:38.247,1.1187,1.11874,4.16,1.50
2016.08.11 00:02:38.448,1.1187,1.11874,3.41,1.50
2016.08.11 00:02:38.601,1.1187,1.11874,4.16,1.50
2016.08.11 00:02:40.306,1.1187,1.11874,3.41,1.50
2016.08.11 00:02:40.408,1.1187,1.11874,4.16,1.50
2016.08.11 00:02:41.293,1.1187,1.11874,3.41,1.50
2016.08.11 00:02:41.395,1.1187,1.11874,4.16,1.50
2016.08.11 00:02:42.983,1.1187,1.11874,3.41,1.50
2016.08.11 00:02:43.034,1.1187,1.11874,4.16,1.50
2016.08.11 00:02:43.085,1.1187,1.11874,7.54,1.00
2016.08.11 00:02:43.136,1.1187,1.11874,8.29,1.00
2016.08.11 00:02:43.187,1.1187,1.11874,6.79,1.00
2016.08.11 00:02:43.238,1.11871,1.11874,1.29,1.00
2016.08.11 00:02:43.290,1.11873,1.11875,1.19,1.50
2016.08.11 00:02:43.341,1.11874,1.11875,1.25,1.50
2016.08.11 00:02:43.392,1.11874,1.11876,1.25,4.12
2016.08.11 00:02:43.443,1.11874,1.11876,1.25,2.10
2016.08.11 00:02:43.494,1.11874,1.11876,1.76,1.35
2016.08.11 00:02:43.545,1.11874,1.11877,1.76,2.10
2016.08.11 00:02:43.766,1.11874,1.11877,2.51,2.10
2016.08.11 00:02:43.817,1.11874,1.11877,11.14,2.10
2016.08.11 00:02:43.869,1.11874,1.11877,13.39,2.10
2016.08.11 00:02:44.022,1.11874,1.11877,10.76,2.10
2016.08.11 00:02:44.151,1.11874,1.11877,10.01,2.10
2016.08.11 00:02:44.418,1.11874,1.11877,9.26,2.10
2016.08.11 00:02:44.519,1.11874,1.11877,10.01,2.10
2016.08.11 00:02:44.821,1.11874,1.11877,10.76,2.10
2016.08.11 00:02:44.883,1.11874,1.11877,12.64,2.10
2016.08.11 00:02:44.934,1.11874,1.11878,10.39,1.35
2016.08.11 00:02:44.985,1.11874,1.11878,5.51,1.35
2016.08.11 00:02:45.036,1.11874,1.11878,2.51,1.35
2016.08.11 00:02:45.595,1.11874,1.11878,2.51,1.20
2016.08.11 00:02:45.697,1.11874,1.11878,2.51,1.35
2016.08.11 00:02:46.256,1.11874,1.11877,2.51,1.00
2016.08.11 00:02:47.406,1.11874,1.11877,2.51,1.50
2016.08.11 00:02:48.916,1.11874,1.11877,4.61,1.50
2016.08.11 00:02:48.968,1.11874,1.11877,5.59,1.50
2016.08.11 00:02:49.172,1.11875,1.11877,1.29,1.00
2016.08.11 00:02:49.224,1.11876,1.11879,1.25,1.50
2016.08.11 00:02:49.275,1.11876,1.11879,1.25,1.12
2016.08.11 00:02:49.326,1.11876,1.11878,1.25,1.00
2016.08.11 00:02:50.346,1.11877,1.1188,1.50,3.00
2016.08.11 00:02:50.397,1.11877,1.1188,1.50,1.50
2016.08.11 00:02:50.949,1.11877,1.1188,1.00,1.50
2016.08.11 00:02:51.041,1.11877,1.1188,1.50,1.50
2016.08.11 00:02:51.676,1.11876,1.11877,3.64,1.12
2016.08.11 00:02:51.727,1.11875,1.11876,1.69,2.25
2016.08.11 00:02:51.790,1.11875,1.11876,1.25,2.25
2016.08.11 00:02:51.842,1.11876,1.11878,1.25,1.00
2016.08.11 00:02:51.893,1.11876,1.11877,1.00,1.00
2016.08.11 00:02:52.300,1.11876,1.11878,1.25,1.00
2016.08.11 00:02:52.837,1.11876,1.11878,1.25,1.50
2016.08.11 00:02:54.953,1.11876,1.11878,1.25,1.00
2016.08.11 00:03:01.137,1.11878,1.11879,1.00,1.67
2016.08.11 00:03:01.188,1.11878,1.11879,1.00,1.12
2016.08.11 00:03:01.433,1.11879,1.11881,1.01,5.25
2016.08.11 00:03:01.485,1.11879,1.11884,1.76,4.20
2016.08.11 00:03:01.536,1.11879,1.11884,2.36,3.07
2016.08.11 00:03:01.587,1.11879,1.11884,3.86,3.07
2016.08.11 00:03:01.638,1.11879,1.11884,11.74,1.50
2016.08.11 00:03:01.690,1.11879,1.11884,14.74,1.50
2016.08.11 00:03:01.741,1.1188,1.11884,1.19,1.00
2016.08.11 00:03:02.199,1.11879,1.11884,9.26,1.12
2016.08.11 00:03:02.250,1.11879,1.11884,7.01,1.12
2016.08.11 00:03:02.301,1.1188,1.11884,1.31,1.00
2016.08.11 00:03:05.805,1.11882,1.11885,1.00,1.37
2016.08.11 00:03:05.857,1.11884,1.11885,1.25,1.50
2016.08.11 00:03:05.908,1.11884,1.11885,1.25,1.12
2016.08.11 00:03:05.959,1.11884,1.11886,1.54,1.00
2016.08.11 00:03:06.052,1.11885,1.11888,1.00,4.50
2016.08.11 00:03:06.246,1.11885,1.11888,1.10,1.50
2016.08.11 00:03:06.297,1.11885,1.11889,1.10,1.00
2016.08.11 00:03:06.399,1.11885,1.11889,1.10,1.50
2016.08.11 00:03:06.450,1.11885,1.11889,1.57,1.50
2016.08.11 00:03:06.502,1.11885,1.11889,2.51,1.00
2016.08.11 00:03:06.553,1.11885,1.1189,3.26,4.20
2016.08.11 00:03:06.604,1.11885,1.1189,2.51,4.20
2016.08.11 00:03:06.655,1.11885,1.1189,2.51,4.95
2016.08.11 00:03:06.706,1.11885,1.11889,2.51,1.00
2016.08.11 00:03:06.757,1.11885,1.11889,3.26,1.00
2016.08.11 00:03:06.808,1.11885,1.1189,3.26,2.70
2016.08.11 00:03:06.859,1.11885,1.11889,2.51,1.00
2016.08.11 00:03:16.919,1.11885,1.11889,1.76,1.00
2016.08.11 00:03:16.970,1.11885,1.11888,1.76,1.35
2016.08.11 00:03:17.021,1.11882,1.11883,15.56,2.25
2016.08.11 00:03:17.072,1.11881,1.11884,2.44,16.87
2016.08.11 00:03:17.124,1.11881,1.11884,1.69,13.12
2016.08.11 00:03:17.348,1.11882,1.11885,1.25,9.00
2016.08.11 00:03:17.399,1.11882,1.11885,1.25,1.00
2016.08.11 00:03:17.551,1.11882,1.11884,1.25,1.00
2016.08.11 00:03:17.856,1.11882,1.11885,1.25,3.00
2016.08.11 00:03:18.999,1.11882,1.11885,1.25,1.50
2016.08.11 00:03:20.318,1.11882,1.11885,1.25,2.25
2016.08.11 00:03:20.521,1.11882,1.11885,1.25,1.50
2016.08.11 00:03:20.572,1.11882,1.11885,1.25,1.00
2016.08.11 00:03:21.552,1.11882,1.11885,1.25,1.50
2016.08.11 00:03:21.653,1.11882,1.11885,1.25,1.00
2016.08.11 00:03:21.857,1.11882,1.11885,1.25,1.50
2016.08.11 00:03:22.061,1.11882,1.11885,1.25,1.00
2016.08.11 00:03:23.453,1.11882,1.11885,1.25,1.50
2016.08.11 00:03:23.656,1.11882,1.11885,1.25,1.00
2016.08.11 00:03:25.156,1.11882,1.11885,1.25,1.50
2016.08.11 00:03:25.258,1.11882,1.11885,1.25,1.00
2016.08.11 00:03:26.196,1.11882,1.11885,1.25,1.50
2016.08.11 00:03:26.349,1.11882,1.11885,1.25,1.00
2016.08.11 00:03:29.987,1.11882,1.11885,1.69,1.00
2016.08.11 00:03:30.241,1.11882,1.11885,2.44,1.00
2016.08.11 00:03:30.562,1.11882,1.11885,1.69,1.00
2016.08.11 00:03:31.186,1.11882,1.11885,1.25,1.00
2016.08.11 00:03:32.380,1.11882,1.11885,1.25,1.50
2016.08.11 00:03:32.482,1.11882,1.11885,1.25,1.00
2016.08.11 00:03:32.635,1.11882,1.11885,1.69,1.00
2016.08.11 00:03:32.686,1.11882,1.11885,2.51,1.00
2016.08.11 00:03:32.788,1.11882,1.11885,3.26,1.00
2016.08.11 00:03:32.840,1.11882,1.11885,2.51,1.00
2016.08.11 00:03:32.992,1.11882,1.11885,1.25,1.50
2016.08.11 00:03:43.743,1.11882,1.11885,1.25,1.87
2016.08.11 00:03:43.794,1.11882,1.11884,1.25,1.00
2016.08.11 00:03:43.947,1.11881,1.11884,1.29,1.00
2016.08.11 00:03:44.195,1.11882,1.11884,1.25,1.00
2016.08.11 00:03:45.105,1.11882,1.11884,1.00,1.00
2016.08.11 00:03:45.696,1.11881,1.11884,1.00,1.00
2016.08.11 00:03:53.043,1.1188,1.11884,4.76,1.00
2016.08.11 00:03:53.094,1.1188,1.11884,4.01,1.00
2016.08.11 00:03:53.196,1.1188,1.11884,4.76,1.00
2016.08.11 00:03:53.420,1.1188,1.11884,5.51,1.00
2016.08.11 00:03:53.794,1.1188,1.11884,4.76,1.00
2016.08.11 00:03:53.957,1.1188,1.11884,5.51,1.00
2016.08.11 00:03:54.008,1.1188,1.11884,4.76,1.00
2016.08.11 00:03:54.109,1.1188,1.11884,5.51,1.00
2016.08.11 00:03:54.257,1.1188,1.11884,4.76,1.00
2016.08.11 00:03:54.458,1.1188,1.11884,5.51,1.00
2016.08.11 00:03:55.812,1.1188,1.11884,4.76,1.00
2016.08.11 00:03:55.914,1.1188,1.11885,6.26,2.51
2016.08.11 00:03:55.965,1.11881,1.11885,1.00,2.51
2016.08.11 00:03:59.263,1.11881,1.11885,1.00,3.26
2016.08.11 00:04:01.323,1.11882,1.11885,1.00,1.76
2016.08.11 00:04:15.167,1.11882,1.11885,1.00,1.01
2016.08.11 00:04:15.674,1.11881,1.11885,1.00,1.01
2016.08.11 00:04:19.938,1.11881,1.11885,1.50,1.01
2016.08.11 00:04:20.592,1.11881,1.11885,1.50,1.39
2016.08.11 00:04:20.841,1.11881,1.11885,1.50,1.01
2016.08.11 00:04:20.943,1.11881,1.11885,1.00,1.01
2016.08.11 00:04:21.922,1.11881,1.11885,1.00,1.76
2016.08.11 00:04:23.946,1.11881,1.11885,2.25,1.01
2016.08.11 00:04:24.455,1.11881,1.11885,3.00,1.01
2016.08.11 00:04:24.557,1.11881,1.11885,2.25,1.01
2016.08.11 00:04:24.658,1.11881,1.11885,3.00,1.01
2016.08.11 00:04:24.811,1.11882,1.11885,1.00,1.01
2016.08.11 00:04:24.963,1.11882,1.11885,1.50,1.01
2016.08.11 00:04:28.288,1.11882,1.11885,1.50,1.10
2016.08.11 00:04:28.783,1.11882,1.11885,1.50,1.00
2016.08.11 00:04:30.654,1.11882,1.11885,1.00,1.00
2016.08.11 00:04:31.162,1.11882,1.11885,2.85,1.00
2016.08.11 00:04:31.245,1.11884,1.11886,1.00,7.76
2016.08.11 00:04:31.296,1.11884,1.11886,1.00,7.39
2016.08.11 00:04:31.513,1.11884,1.11886,1.00,5.44
2016.08.11 00:04:31.564,1.11884,1.11886,1.00,5.25
2016.08.11 00:04:31.617,1.11884,1.11886,1.50,2.25
2016.08.11 00:04:31.669,1.11884,1.11886,2.25,2.25
2016.08.11 00:04:31.720,1.11886,1.11888,1.00,1.91
2016.08.11 00:04:31.771,1.11886,1.11888,1.00,1.42
2016.08.11 00:04:31.875,1.11886,1.11888,1.00,1.35
2016.08.11 00:04:31.927,1.11886,1.11888,1.12,1.30
2016.08.11 00:04:32.029,1.11886,1.11889,1.12,1.70
2016.08.11 00:04:32.132,1.11886,1.11889,1.00,1.80
2016.08.11 00:04:32.183,1.11885,1.11886,2.44,1.00
2016.08.11 00:04:32.234,1.11884,1.11886,1.57,1.25
2016.08.11 00:04:32.478,1.11883,1.11886,1.12,3.94
2016.08.11 00:04:32.529,1.11881,1.11886,4.39,6.11
2016.08.11 00:04:32.580,1.11881,1.11886,4.39,5.36
2016.08.11 00:04:32.682,1.11881,1.11886,4.39,6.11
2016.08.11 00:04:32.834,1.11881,1.11886,4.39,5.51
2016.08.11 00:04:33.405,1.11881,1.11886,3.64,5.51
2016.08.11 00:04:33.986,1.11881,1.11886,3.64,3.26
2016.08.11 00:04:34.101,1.11881,1.11886,3.64,5.51
2016.08.11 00:04:34.707,1.11881,1.11886,3.64,3.26
2016.08.11 00:04:34.809,1.11881,1.11886,3.64,5.51
2016.08.11 00:04:36.203,1.11882,1.11886,2.47,2.14
2016.08.11 00:04:36.263,1.11883,1.11886,1.72,1.31
2016.08.11 00:04:36.315,1.11883,1.11886,4.35,1.00
2016.08.11 00:04:36.366,1.11884,1.11886,3.97,1.00
2016.08.11 00:04:36.417,1.11884,1.11889,5.85,4.31
2016.08.11 00:04:36.468,1.11885,1.11889,2.85,2.51
2016.08.11 00:04:36.519,1.11885,1.1189,4.91,4.50
2016.08.11 00:04:36.571,1.11885,1.1189,4.16,5.25
2016.08.11 00:04:36.622,1.11885,1.1189,4.54,4.50
2016.08.11 00:04:36.673,1.11885,1.1189,7.16,3.37
2016.08.11 00:04:36.751,1.11885,1.1189,7.91,2.25
2016.08.11 00:04:36.802,1.11885,1.1189,7.91,1.87
2016.08.11 00:04:36.853,1.11885,1.1189,7.54,1.12
2016.08.11 00:04:36.904,1.11885,1.1189,10.16,1.50
2016.08.11 00:04:36.955,1.11885,1.1189,12.41,1.50
2016.08.11 00:04:37.173,1.11885,1.11888,7.35,1.69
2016.08.11 00:04:37.227,1.11885,1.11887,1.87,1.05
2016.08.11 00:04:37.278,1.11884,1.11887,1.12,1.54
2016.08.11 00:04:37.329,1.11883,1.11887,1.50,2.29
2016.08.11 00:04:37.787,1.11883,1.11886,1.00,1.19
2016.08.11 00:04:37.839,1.11883,1.11886,1.00,3.94
2016.08.11 00:04:37.942,1.11882,1.11886,4.76,6.19
2016.08.11 00:04:38.044,1.11882,1.11886,4.01,8.06
2016.08.11 00:04:38.095,1.11882,1.11886,1.76,9.56
2016.08.11 00:04:38.146,1.11881,1.11886,3.64,10.39
2016.08.11 00:04:38.197,1.11881,1.11885,3.26,1.25
2016.08.11 00:04:38.414,1.11881,1.11885,2.51,1.69
2016.08.11 00:04:39.779,1.11881,1.11885,3.26,1.25
2016.08.11 00:04:41.520,1.11881,1.11885,2.51,1.25
2016.08.11 00:04:41.571,1.11881,1.11886,3.26,7.61
2016.08.11 00:04:41.622,1.11881,1.11886,4.01,9.86
2016.08.11 00:04:43.152,1.11881,1.11886,3.26,7.61
2016.08.11 00:04:43.254,1.11881,1.11886,4.01,9.86
2016.08.11 00:04:43.722,1.11881,1.11886,3.26,7.61
2016.08.11 00:04:43.823,1.11881,1.11886,4.01,9.86
2016.08.11 00:04:44.256,1.11881,1.11886,3.26,7.61
2016.08.11 00:04:44.517,1.11881,1.11886,4.01,9.86
2016.08.11 00:04:44.722,1.11881,1.11886,3.26,7.61
2016.08.11 00:04:44.955,1.11881,1.11886,4.01,9.86
2016.08.11 00:04:45.411,1.11881,1.11886,3.26,7.61
2016.08.11 00:04:45.513,1.11881,1.11886,4.01,9.86
2016.08.11 00:04:46.230,1.11881,1.11886,2.89,7.61
2016.08.11 00:04:46.281,1.11881,1.11886,2.89,8.36
2016.08.11 00:04:46.332,1.11881,1.11885,3.26,1.25
2016.08.11 00:04:46.383,1.11881,1.11885,3.26,2.44
2016.08.11 00:04:46.434,1.11881,1.11885,2.51,2.44
2016.08.11 00:04:46.485,1.11881,1.11885,2.51,1.69
2016.08.11 00:04:46.535,1.11881,1.11885,3.26,1.69
2016.08.11 00:04:46.773,1.11881,1.11885,2.51,2.44
2016.08.11 00:04:48.180,1.11882,1.11885,1.00,2.44
2016.08.11 00:04:48.484,1.1188,1.11885,8.81,2.44
2016.08.11 00:04:48.535,1.11881,1.11884,1.01,1.00
2016.08.11 00:04:48.739,1.1188,1.11884,8.06,1.00
2016.08.11 00:04:49.111,1.11881,1.11884,1.01,1.00
2016.08.11 00:04:50.823,1.1188,1.11884,7.31,1.00
2016.08.11 00:04:51.053,1.11881,1.11884,1.01,1.00
2016.08.11 00:04:51.864,1.11881,1.11885,1.01,2.44
2016.08.11 00:04:51.966,1.11881,1.11885,2.51,1.69
2016.08.11 00:04:52.067,1.11882,1.11885,1.00,1.69
2016.08.11 00:04:56.067,1.11882,1.11885,1.00,2.44
2016.08.11 00:04:56.575,1.11882,1.11885,1.00,3.19
2016.08.11 00:05:00.319,1.11882,1.11885,1.50,3.19
2016.08.11 00:05:00.471,1.11882,1.11885,1.00,2.44
2016.08.11 00:05:00.573,1.11882,1.11885,1.50,1.69
2016.08.11 00:05:00.624,1.11882,1.11885,1.50,3.19
2016.08.11 00:05:00.675,1.11882,1.11884,1.50,1.00
2016.08.11 00:05:00.726,1.11882,1.11884,1.50,1.15
2016.08.11 00:05:00.777,1.11882,1.11885,1.00,7.99
2016.08.11 00:05:00.829,1.11882,1.11885,1.00,8.36
2016.08.11 00:05:00.880,1.11882,1.11885,1.00,7.76
2016.08.11 00:05:00.931,1.11882,1.11885,1.00,6.71
2016.08.11 00:05:00.982,1.11882,1.11886,1.87,5.29
2016.08.11 00:05:01.062,1.11882,1.11886,2.25,7.54
2016.08.11 00:05:01.329,1.11882,1.11886,2.25,6.04
2016.08.11 00:05:01.440,1.11882,1.11886,2.25,7.54
2016.08.11 00:05:01.491,1.11882,1.11886,1.50,6.04
2016.08.11 00:05:01.598,1.11882,1.11886,2.25,8.29
2016.08.11 00:05:02.519,1.11882,1.11886,1.50,6.04
2016.08.11 00:05:02.621,1.11882,1.11886,2.25,8.29
2016.08.11 00:05:04.226,1.11882,1.11886,1.50,6.04
2016.08.11 00:05:04.430,1.11882,1.11886,2.25,8.29
2016.08.11 00:05:05.022,1.11882,1.11886,1.50,6.04
2016.08.11 00:05:05.073,1.11883,1.11886,1.00,5.29
2016.08.11 00:05:05.288,1.11883,1.11886,1.50,3.19
2016.08.11 00:05:05.341,1.11883,1.11886,3.22,3.19
2016.08.11 00:05:05.392,1.11884,1.11886,1.50,1.69
2016.08.11 00:05:05.443,1.11885,1.11887,1.00,1.00
2016.08.11 00:05:05.494,1.11885,1.11889,1.50,2.89
2016.08.11 00:05:05.545,1.11886,1.11889,1.00,2.44
2016.08.11 00:05:05.596,1.11886,1.11889,2.25,1.69
2016.08.11 00:05:05.647,1.11886,1.1189,2.25,4.39
2016.08.11 00:05:05.800,1.11886,1.1189,2.25,3.26
2016.08.11 00:05:05.851,1.11887,1.1189,1.00,2.51
2016.08.11 00:05:05.903,1.11887,1.1189,1.50,1.76
2016.08.11 00:05:05.956,1.11887,1.1189,1.50,2.14
2016.08.11 00:05:06.033,1.11886,1.1189,3.00,3.26
2016.08.11 00:05:06.186,1.11886,1.1189,3.00,2.51
2016.08.11 00:05:06.399,1.11887,1.1189,1.00,2.51
2016.08.11 00:05:06.484,1.11888,1.1189,1.00,1.10
2016.08.11 00:05:06.536,1.11888,1.1189,1.50,1.00
2016.08.11 00:05:06.587,1.11889,1.11891,1.00,6.82
2016.08.11 00:05:06.638,1.11889,1.11891,1.00,5.32
2016.08.11 00:05:06.690,1.11889,1.11891,1.00,7.57
2016.08.11 00:05:06.894,1.11889,1.11891,1.00,8.32
2016.08.11 00:05:06.996,1.11889,1.11891,1.00,7.57
2016.08.11 00:05:07.099,1.11888,1.11891,2.25,6.82
2016.08.11 00:05:07.201,1.11888,1.11891,1.50,8.32
2016.08.11 00:05:07.425,1.11888,1.11891,1.50,7.57
2016.08.11 00:05:07.479,1.11888,1.11891,2.25,7.57
2016.08.11 00:05:07.530,1.11888,1.11891,1.00,7.57
2016.08.11 00:05:07.581,1.11888,1.11891,1.00,7.20
2016.08.11 00:05:07.632,1.11888,1.11891,2.25,7.95
2016.08.11 00:05:07.710,1.11888,1.1189,1.00,1.00
2016.08.11 00:05:07.761,1.11887,1.1189,2.25,1.69
2016.08.11 00:05:07.812,1.11887,1.1189,1.50,1.69
2016.08.11 00:05:07.863,1.11887,1.1189,1.50,2.06
2016.08.11 00:05:07.914,1.11887,1.11889,1.50,1.25
2016.08.11 00:05:08.320,1.11887,1.11889,1.00,1.25
2016.08.11 00:05:08.421,1.11887,1.11889,1.50,1.25
2016.08.11 00:05:09.634,1.11887,1.11889,1.00,1.25
2016.08.11 00:05:09.735,1.11887,1.11889,1.50,1.25
2016.08.11 00:05:10.521,1.11887,1.11889,1.00,1.25
2016.08.11 00:05:10.623,1.11887,1.11889,1.50,1.25
2016.08.11 00:05:11.429,1.11887,1.11889,1.00,1.25
2016.08.11 00:05:11.531,1.11887,1.11889,1.50,1.25
2016.08.11 00:05:11.633,1.11887,1.11889,1.00,1.25
2016.08.11 00:05:11.734,1.11887,1.11889,1.50,1.25
2016.08.11 00:05:12.191,1.11887,1.11889,1.00,1.25
2016.08.11 00:05:15.338,1.11886,1.11889,1.50,1.25
2016.08.11 00:05:15.389,1.11887,1.1189,1.00,2.36
2016.08.11 00:05:15.440,1.11887,1.1189,1.00,1.61
2016.08.11 00:05:18.453,1.11887,1.1189,1.00,1.42
2016.08.11 00:05:22.762,1.11887,1.1189,1.00,1.10
2016.08.11 00:05:22.813,1.11887,1.1189,1.25,1.10
2016.08.11 00:05:22.965,1.11887,1.1189,1.69,1.10
2016.08.11 00:05:23.016,1.11887,1.1189,1.69,3.45
2016.08.11 00:05:23.067,1.11886,1.1189,1.69,4.20
2016.08.11 00:05:23.118,1.11886,1.1189,2.44,3.45
2016.08.11 00:05:23.169,1.11886,1.1189,2.44,2.70
2016.08.11 00:05:23.220,1.11886,1.1189,1.69,2.70
2016.08.11 00:05:23.322,1.11886,1.1189,1.69,3.45
2016.08.11 00:05:23.525,1.11886,1.1189,1.69,4.05
2016.08.11 00:05:23.859,1.11886,1.1189,1.69,3.30
2016.08.11 00:05:23.961,1.11886,1.1189,1.69,4.05
2016.08.11 00:05:24.418,1.11886,1.1189,1.69,3.30
2016.08.11 00:05:24.520,1.11886,1.1189,1.69,4.05
2016.08.11 00:05:25.014,1.11886,1.1189,1.69,3.30
2016.08.11 00:05:25.167,1.11886,1.1189,1.69,4.05
2016.08.11 00:05:25.871,1.11886,1.1189,1.19,4.05
2016.08.11 00:05:25.973,1.11886,1.1189,1.69,4.05
2016.08.11 00:05:27.275,1.11886,1.1189,1.19,4.80
2016.08.11 00:05:27.451,1.11886,1.1189,1.69,4.80
2016.08.11 00:05:27.524,1.11886,1.1189,1.69,5.02
2016.08.11 00:05:27.574,1.11886,1.1189,1.69,5.77
2016.08.11 00:05:27.676,1.11886,1.1189,1.69,6.15
2016.08.11 00:05:28.123,1.11886,1.1189,1.69,5.40
2016.08.11 00:05:28.225,1.11886,1.1189,1.69,6.15
2016.08.11 00:05:28.473,1.11886,1.1189,1.19,6.15
2016.08.11 00:05:28.626,1.11886,1.1189,1.19,5.92
2016.08.11 00:05:28.826,1.11887,1.1189,1.25,4.57
2016.08.11 00:05:28.878,1.11887,1.1189,2.44,1.57
2016.08.11 00:05:28.929,1.11887,1.11891,2.81,7.12
2016.08.11 00:05:28.980,1.11888,1.11891,1.19,7.57
2016.08.11 00:05:29.082,1.11888,1.11891,1.19,6.82
2016.08.11 00:05:29.133,1.11888,1.11891,1.69,6.07
2016.08.11 00:05:29.185,1.11888,1.11891,1.69,3.82
2016.08.11 00:05:29.287,1.11888,1.11891,3.19,6.00
2016.08.11 00:05:29.338,1.11888,1.11891,3.19,5.25
2016.08.11 00:05:29.389,1.11889,1.11891,1.25,5.25
2016.08.11 00:05:29.491,1.1189,1.11891,1.00,5.25
2016.08.11 00:05:29.542,1.1189,1.11891,2.25,2.25
2016.08.11 00:05:29.594,1.1189,1.11891,3.00,1.00
2016.08.11 00:05:29.839,1.11888,1.11891,3.26,1.00
2016.08.11 00:05:30.042,1.11888,1.11891,4.01,1.00
2016.08.11 00:05:30.093,1.1189,1.11891,1.00,1.00
2016.08.11 00:05:32.327,1.11889,1.11891,1.25,1.00
2016.08.11 00:05:33.072,1.11888,1.11891,1.76,1.00
2016.08.11 00:05:33.377,1.11888,1.11891,1.69,1.00
2016.08.11 00:05:34.747,1.11888,1.11891,2.44,1.00
2016.08.11 00:05:34.798,1.11889,1.11891,1.25,1.00
2016.08.11 00:05:35.056,1.11889,1.11891,1.69,1.00
2016.08.11 00:05:36.656,1.11889,1.11891,1.25,1.00
2016.08.11 00:05:36.974,1.11889,1.11891,1.69,1.00
2016.08.11 00:05:37.076,1.11889,1.11891,1.25,1.00
2016.08.11 00:05:37.178,1.1189,1.11891,1.00,1.00
2016.08.11 00:05:37.280,1.1189,1.11891,2.25,1.00
2016.08.11 00:05:37.331,1.11891,1.11892,1.00,1.12
2016.08.11 00:05:38.098,1.11891,1.11893,1.00,4.20
2016.08.11 00:05:38.149,1.11891,1.11893,1.00,3.45
2016.08.11 00:05:38.200,1.11891,1.11893,2.25,1.57
2016.08.11 00:05:38.302,1.11892,1.11893,1.00,3.07
2016.08.11 00:05:38.518,1.11893,1.11894,1.00,1.57
2016.08.11 00:05:38.569,1.11892,1.11893,1.50,2.47
2016.08.11 00:05:38.620,1.11891,1.11892,2.25,1.50
2016.08.11 00:05:38.671,1.1189,1.11892,1.00,1.50
2016.08.11 00:05:38.722,1.1189,1.11892,1.50,1.50
2016.08.11 00:05:38.785,1.1189,1.11892,2.25,2.10
2016.08.11 00:05:38.836,1.1189,1.11891,3.00,1.00
2016.08.11 00:05:38.887,1.1189,1.11891,3.75,1.00
2016.08.11 00:05:39.039,1.1189,1.11891,3.00,1.00
2016.08.11 00:05:39.090,1.1189,1.11891,2.25,1.00
2016.08.11 00:05:39.141,1.1189,1.11891,3.00,1.00
2016.08.11 00:05:39.192,1.1189,1.11891,2.25,1.00
2016.08.11 00:05:39.243,1.1189,1.11891,1.50,1.00
2016.08.11 00:05:39.554,1.1189,1.11891,3.00,1.00
2016.08.11 00:05:39.608,1.1189,1.11892,1.50,2.25
2016.08.11 00:05:39.659,1.1189,1.11892,1.00,2.25
2016.08.11 00:05:39.710,1.1189,1.11892,1.50,2.25
2016.08.11 00:05:39.812,1.1189,1.11892,1.00,2.25
2016.08.11 00:05:39.914,1.1189,1.11892,1.50,2.25
2016.08.11 00:05:40.518,1.1189,1.11892,1.50,1.50
2016.08.11 00:05:40.671,1.1189,1.11892,1.50,1.87
2016.08.11 00:05:40.723,1.1189,1.11892,1.50,2.62
2016.08.11 00:05:40.774,1.1189,1.11892,2.25,2.62
2016.08.11 00:05:40.825,1.1189,1.11892,3.00,2.62
2016.08.11 00:05:41.055,1.1189,1.11892,3.75,2.62
2016.08.11 00:05:41.912,1.1189,1.11892,3.00,2.62
2016.08.11 00:05:42.206,1.1189,1.11892,3.75,2.62
2016.08.11 00:05:42.558,1.1189,1.11892,3.00,2.62
2016.08.11 00:05:42.609,1.1189,1.11892,1.50,2.62
2016.08.11 00:05:42.850,1.11887,1.1189,1.76,2.47
2016.08.11 00:05:42.901,1.11887,1.1189,1.76,5.32
2016.08.11 00:05:42.953,1.11887,1.11889,1.00,2.62
2016.08.11 00:05:43.004,1.11887,1.11889,1.00,3.37
2016.08.11 00:05:44.192,1.11887,1.11889,1.00,3.00
2016.08.11 00:05:44.243,1.11887,1.11889,1.00,2.25
2016.08.11 00:05:47.207,1.11887,1.11889,1.00,2.62
2016.08.11 00:05:47.308,1.11887,1.11889,1.00,2.25
2016.08.11 00:05:47.410,1.11887,1.11889,1.00,1.50
2016.08.11 00:05:47.461,1.11887,1.11889,1.00,2.25
2016.08.11 00:05:47.512,1.11887,1.11889,1.50,2.25
2016.08.11 00:05:47.563,1.11887,1.1189,3.19,1.50
2016.08.11 00:05:47.614,1.11887,1.1189,4.69,1.50
2016.08.11 00:05:47.665,1.11887,1.11891,5.51,5.10
2016.08.11 00:05:47.716,1.11887,1.11891,6.26,3.60
2016.08.11 00:05:47.767,1.11887,1.11891,6.26,3.00
2016.08.11 00:05:47.869,1.11887,1.11891,5.51,3.00
2016.08.11 00:05:47.920,1.11887,1.11891,4.76,3.00
2016.08.11 00:05:49.375,1.11887,1.11891,4.01,3.00
2016.08.11 00:05:50.325,1.11887,1.11891,3.26,1.00
2016.08.11 00:05:50.427,1.11887,1.11891,4.01,3.00
2016.08.11 00:05:51.327,1.11887,1.11891,3.26,1.00
2016.08.11 00:05:51.526,1.11887,1.11891,4.01,3.00
2016.08.11 00:05:51.628,1.11887,1.11891,3.26,1.00
2016.08.11 00:05:51.729,1.11887,1.11891,4.01,3.00
2016.08.11 00:05:51.831,1.11887,1.11891,3.26,1.00
2016.08.11 00:05:52.027,1.11887,1.11891,4.01,3.00
2016.08.11 00:05:52.673,1.11887,1.11891,4.01,3.60
2016.08.11 00:05:52.724,1.11887,1.11891,3.26,4.50
2016.08.11 00:05:52.775,1.11887,1.11891,3.26,5.25
2016.08.11 00:05:52.826,1.11887,1.11891,2.51,5.25
2016.08.11 00:05:53.280,1.11887,1.11891,2.51,5.85
2016.08.11 00:05:53.332,1.11888,1.11891,1.25,8.47
2016.08.11 00:05:54.535,1.11888,1.11891,1.25,6.22
2016.08.11 00:05:54.637,1.11888,1.11891,1.25,8.47
2016.08.11 00:05:55.934,1.11888,1.11891,1.25,6.22
2016.08.11 00:05:56.138,1.11888,1.11891,1.25,8.47
2016.08.11 00:05:56.342,1.11888,1.11891,1.25,6.22
2016.08.11 00:05:56.415,1.11888,1.11891,1.25,8.47
2016.08.11 00:05:56.720,1.11888,1.11891,1.25,6.22
2016.08.11 00:05:56.822,1.11888,1.11891,1.25,9.22
2016.08.11 00:05:57.076,1.11888,1.1189,1.25,1.00
2016.08.11 00:05:57.319,1.11888,1.1189,1.25,3.00
2016.08.11 00:05:57.928,1.11888,1.1189,1.00,3.75
2016.08.11 00:05:58.030,1.11888,1.1189,1.00,3.00
2016.08.11 00:05:58.132,1.11888,1.1189,1.00,2.25
2016.08.11 00:05:58.183,1.11886,1.1189,1.69,2.25
2016.08.11 00:05:59.047,1.11886,1.1189,1.25,2.25
2016.08.11 00:05:59.149,1.11886,1.1189,1.69,2.25
2016.08.11 00:06:00.653,1.11886,1.1189,1.25,2.25
2016.08.11 00:06:00.759,1.11886,1.1189,1.69,2.25
2016.08.11 00:06:01.054,1.11886,1.1189,1.25,2.25
2016.08.11 00:06:01.155,1.11886,1.1189,1.69,2.25
2016.08.11 00:06:01.358,1.11886,1.1189,1.25,2.25
2016.08.11 00:06:01.859,1.11886,1.1189,1.69,2.25
2016.08.11 00:06:02.117,1.11886,1.1189,1.25,3.97
2016.08.11 00:06:02.574,1.11887,1.1189,1.00,3.97
2016.08.11 00:06:06.217,1.11887,1.1189,1.00,4.72
2016.08.11 00:06:06.274,1.11887,1.1189,1.00,4.35
2016.08.11 00:06:06.325,1.11887,1.1189,1.00,3.00
2016.08.11 00:06:06.386,1.11887,1.1189,1.00,3.22
2016.08.11 00:06:06.442,1.11887,1.1189,1.00,3.60
2016.08.11 00:06:06.544,1.11887,1.1189,1.00,4.35
2016.08.11 00:06:06.595,1.11887,1.1189,1.00,3.60
2016.08.11 00:06:10.381,1.11887,1.1189,1.00,2.85
2016.08.11 00:06:11.134,1.11887,1.1189,1.00,3.22
2016.08.11 00:06:11.389,1.11887,1.11889,1.00,1.20
2016.08.11 00:06:11.672,1.11887,1.11889,1.00,1.10
2016.08.11 00:06:12.085,1.11887,1.1189,1.00,2.85
2016.08.11 00:06:12.991,1.11887,1.1189,1.00,2.25
2016.08.11 00:06:14.289,1.11887,1.1189,1.00,3.00
2016.08.11 00:06:14.340,1.11887,1.1189,1.00,3.60
2016.08.11 00:06:14.391,1.11887,1.11889,1.00,1.10
2016.08.11 00:06:14.493,1.11887,1.1189,1.00,5.10
2016.08.11 00:06:14.595,1.11887,1.1189,1.00,4.35
2016.08.11 00:06:15.383,1.11887,1.1189,1.00,3.60
2016.08.11 00:06:15.586,1.11887,1.1189,1.00,4.35
2016.08.11 00:06:17.587,1.11887,1.1189,1.00,3.60
2016.08.11 00:06:17.689,1.11887,1.1189,1.00,4.35
2016.08.11 00:06:17.791,1.11887,1.1189,1.00,3.60
2016.08.11 00:06:17.842,1.11887,1.1189,1.00,2.10
2016.08.11 00:06:17.894,1.11887,1.1189,1.00,1.27
2016.08.11 00:06:17.945,1.11887,1.1189,1.25,1.27
2016.08.11 00:06:17.996,1.11887,1.11891,2.75,8.62
2016.08.11 00:06:18.047,1.11887,1.11891,2.75,8.25
2016.08.11 00:06:18.148,1.11887,1.11891,3.50,7.50
2016.08.11 00:06:18.200,1.11887,1.1189,4.25,1.57
2016.08.11 00:06:18.251,1.11887,1.1189,3.50,1.57
2016.08.11 00:06:18.679,1.11887,1.11891,2.75,6.60
2016.08.11 00:06:18.781,1.11887,1.11891,2.44,5.85
2016.08.11 00:06:18.832,1.11887,1.11891,2.44,6.22
2016.08.11 00:06:18.884,1.11887,1.11891,2.44,5.47
2016.08.11 00:06:18.935,1.11887,1.11891,2.44,5.10
2016.08.11 00:06:19.493,1.11887,1.1189,3.19,1.10
2016.08.11 00:06:19.595,1.11888,1.11891,2.25,1.12
2016.08.11 00:06:19.646,1.11888,1.11891,6.04,1.12
2016.08.11 00:06:19.883,1.11889,1.11892,4.65,1.00
2016.08.11 00:06:19.934,1.11889,1.11891,5.81,1.00
2016.08.11 00:06:19.986,1.11889,1.11892,2.81,1.12
2016.08.11 00:06:20.037,1.11889,1.11892,1.57,1.87
2016.08.11 00:06:20.088,1.11889,1.11892,1.50,1.87
2016.08.11 00:06:20.393,1.11889,1.11892,1.50,1.12
2016.08.11 00:06:20.748,1.11889,1.11892,1.00,1.12
2016.08.11 00:06:20.850,1.11889,1.11892,1.50,1.12
2016.08.11 00:06:21.214,1.11889,1.11892,1.00,1.12
2016.08.11 00:06:21.544,1.11889,1.11892,1.50,1.12
2016.08.11 00:06:24.018,1.11889,1.11892,1.00,1.12
2016.08.11 00:06:24.256,1.11889,1.11892,1.50,1.12
2016.08.11 00:06:24.664,1.1189,1.11892,1.50,1.12
2016.08.11 00:06:24.963,1.1189,1.11891,1.50,1.00
2016.08.11 00:06:25.014,1.11889,1.11891,1.57,3.37
2016.08.11 00:06:25.069,1.11889,1.11891,1.00,3.75
2016.08.11 00:06:25.120,1.11888,1.11891,1.01,4.50
2016.08.11 00:06:25.171,1.11888,1.11891,1.01,6.00
2016.08.11 00:06:25.223,1.11888,1.11891,1.01,6.75
2016.08.11 00:06:25.273,1.11888,1.1189,1.25,1.12
2016.08.11 00:06:25.775,1.11888,1.1189,1.25,1.72
2016.08.11 00:06:25.826,1.11888,1.1189,1.25,1.00
2016.08.11 00:06:25.980,1.11888,1.11891,1.25,5.92
2016.08.11 00:06:26.213,1.11888,1.1189,1.25,1.00
2016.08.11 00:06:26.865,1.11889,1.1189,1.00,1.50
2016.08.11 00:06:26.916,1.11888,1.11892,1.01,2.32
2016.08.11 00:06:26.967,1.1189,1.11892,1.00,1.95
2016.08.11 00:06:27.018,1.1189,1.11892,1.50,1.20
2016.08.11 00:06:27.781,1.1189,1.11893,1.50,7.12
2016.08.11 00:06:27.832,1.11891,1.11893,1.00,3.37
2016.08.11 00:06:27.883,1.11891,1.11893,1.00,1.50
2016.08.11 00:06:27.934,1.11891,1.11893,1.00,1.12
2016.08.11 00:06:27.985,1.11891,1.11894,1.50,1.95
2016.08.11 00:06:28.036,1.11891,1.11895,4.01,1.95
2016.08.11 00:06:28.087,1.11891,1.11895,4.76,1.95
2016.08.11 00:06:28.323,1.11892,1.11895,1.25,1.57
2016.08.11 00:06:28.932,1.11892,1.11895,1.25,1.10
2016.08.11 00:06:29.338,1.11892,1.11895,1.25,1.20
2016.08.11 00:06:29.801,1.11892,1.11895,1.25,1.10
2016.08.11 00:06:29.954,1.11892,1.11895,1.25,1.57
2016.08.11 00:06:30.208,1.11892,1.11895,1.25,1.20
2016.08.11 00:06:30.259,1.11892,1.11895,1.25,1.10
2016.08.11 00:06:31.858,1.11892,1.11895,1.69,1.10
2016.08.11 00:06:31.909,1.11894,1.11896,1.00,2.62
2016.08.11 00:06:31.960,1.11895,1.11896,1.50,1.12
2016.08.11 00:06:32.011,1.11895,1.11897,2.81,1.10
2016.08.11 00:06:32.062,1.11895,1.11897,3.19,1.10
2016.08.11 00:06:32.163,1.11895,1.11899,3.19,3.37
2016.08.11 00:06:32.385,1.11895,1.11899,3.19,1.95
2016.08.11 00:06:32.436,1.11896,1.11899,1.25,1.10
2016.08.11 00:06:33.048,1.11895,1.11899,3.94,1.20
2016.08.11 00:06:33.303,1.11896,1.11898,1.69,1.50
2016.08.11 00:06:33.358,1.11896,1.11898,3.94,1.50
2016.08.11 00:06:33.462,1.11896,1.11898,3.19,1.50
2016.08.11 00:06:33.513,1.11896,1.119,3.19,4.50
2016.08.11 00:06:33.565,1.11896,1.11898,3.94,1.60
2016.08.11 00:06:33.616,1.11896,1.11898,2.44,2.62
2016.08.11 00:06:33.667,1.11896,1.11898,1.50,3.75
2016.08.11 00:06:33.719,1.11896,1.11898,1.12,3.37
2016.08.11 00:06:33.770,1.11896,1.11897,1.00,1.00
2016.08.11 00:06:33.821,1.11896,1.11899,1.00,3.37
2016.08.11 00:06:33.974,1.11896,1.11899,1.00,3.07
2016.08.11 00:06:34.126,1.11896,1.11899,1.69,1.95
2016.08.11 00:06:34.177,1.11896,1.11899,1.69,1.57
2016.08.11 00:06:34.991,1.11896,1.11899,1.69,2.32
2016.08.11 00:06:35.042,1.11896,1.11898,1.69,1.00
2016.08.11 00:06:35.195,1.11896,1.11899,1.69,1.57
2016.08.11 00:06:35.297,1.11896,1.11899,1.69,1.87
2016.08.11 00:06:35.592,1.11896,1.11898,1.69,1.10
2016.08.11 00:06:35.644,1.11896,1.11898,1.69,1.57
2016.08.11 00:06:35.746,1.11896,1.11898,1.69,1.10
2016.08.11 00:06:35.797,1.11896,1.11898,1.69,1.57
2016.08.11 00:06:36.000,1.11896,1.11899,1.69,1.87
2016.08.11 00:06:36.108,1.11896,1.11898,1.69,1.57
2016.08.11 00:06:36.159,1.11896,1.11898,1.19,1.57
2016.08.11 00:06:36.210,1.11896,1.11898,2.44,1.57
2016.08.11 00:06:36.413,1.11896,1.11898,1.69,1.57
2016.08.11 00:06:36.546,1.11896,1.11898,2.44,1.57
2016.08.11 00:06:36.826,1.11896,1.11898,1.69,1.00
2016.08.11 00:06:36.928,1.11896,1.11898,2.44,1.00
2016.08.11 00:06:37.029,1.11896,1.11898,2.44,1.50
2016.08.11 00:06:37.131,1.11896,1.11898,3.94,1.50
2016.08.11 00:06:37.539,1.11896,1.11898,3.94,1.00
2016.08.11 00:06:37.946,1.11896,1.11898,2.44,1.00
2016.08.11 00:06:38.247,1.11896,1.11898,1.69,1.00
2016.08.11 00:06:38.348,1.11896,1.11898,2.44,1.00
2016.08.11 00:06:38.721,1.11896,1.11899,2.44,1.10
2016.08.11 00:06:38.823,1.11896,1.11899,3.94,1.10
2016.08.11 00:06:38.874,1.11896,1.11898,3.94,1.00
2016.08.11 00:06:38.925,1.11896,1.11897,3.19,1.00
2016.08.11 00:06:38.975,1.11896,1.11897,2.25,1.12
2016.08.11 00:06:39.027,1.11894,1.11898,1.57,3.82
2016.08.11 00:06:39.078,1.11895,1.11897,1.69,1.00
2016.08.11 00:06:39.129,1.11895,1.11897,2.81,1.00
2016.08.11 00:06:39.572,1.11895,1.11899,2.89,2.32
2016.08.11 00:06:39.674,1.11895,1.11899,2.51,3.45
2016.08.11 00:06:39.725,1.11895,1.11899,3.26,3.45
2016.08.11 00:06:39.827,1.11895,1.11899,2.51,3.45
2016.08.11 00:06:39.877,1.11895,1.11899,2.51,2.70
2016.08.11 00:06:39.929,1.11895,1.11899,3.26,2.32
2016.08.11 00:06:40.031,1.11895,1.11899,4.76,3.07
2016.08.11 00:06:40.134,1.11895,1.11899,3.64,1.95
2016.08.11 00:06:40.185,1.11895,1.11899,4.76,1.57
2016.08.11 00:06:40.236,1.11896,1.11899,1.69,1.10
2016.08.11 00:06:40.822,1.11896,1.11899,1.25,1.10
2016.08.11 00:06:40.953,1.11896,1.11899,1.69,1.10
2016.08.11 00:06:41.503,1.11896,1.11898,1.69,1.50
2016.08.11 00:06:41.554,1.11896,1.11898,1.69,2.25
2016.08.11 00:06:41.749,1.11895,1.11898,4.76,2.25
2016.08.11 00:06:41.800,1.11895,1.11898,4.76,1.00
2016.08.11 00:06:41.851,1.11895,1.11898,6.26,1.00
2016.08.11 00:06:42.107,1.11895,1.11898,5.51,1.00
2016.08.11 00:06:42.311,1.11895,1.11898,6.26,1.00
2016.08.11 00:06:42.413,1.11895,1.11898,5.51,1.00
2016.08.11 00:06:42.604,1.11895,1.11898,4.76,1.00
2016.08.11 00:06:42.655,1.11895,1.11898,5.51,1.00
2016.08.11 00:06:42.706,1.11895,1.11898,6.26,1.00
2016.08.11 00:06:43.826,1.11895,1.11898,4.01,1.00
2016.08.11 00:06:43.877,1.11895,1.11899,3.26,1.95
2016.08.11 00:06:44.264,1.11895,1.11899,3.26,1.57
2016.08.11 00:06:45.086,1.11895,1.11899,3.26,1.95
2016.08.11 00:06:46.376,1.11895,1.11899,4.01,1.10
2016.08.11 00:06:46.594,1.11895,1.11899,3.26,1.10
2016.08.11 00:06:46.696,1.11895,1.11899,4.01,1.10
2016.08.11 00:06:46.798,1.11895,1.11899,4.76,1.10
2016.08.11 00:06:46.849,1.11895,1.11899,4.01,1.57
2016.08.11 00:06:47.445,1.11895,1.11899,3.26,1.57
2016.08.11 00:06:47.498,1.11895,1.11899,4.01,1.57
2016.08.11 00:06:49.176,1.11895,1.11899,3.26,1.57
2016.08.11 00:06:49.477,1.11895,1.11899,4.01,1.57
2016.08.11 00:06:50.882,1.11895,1.11899,4.76,1.10
2016.08.11 00:06:51.511,1.11895,1.11899,4.01,1.10
2016.08.11 00:06:51.612,1.11895,1.11899,4.76,1.10
2016.08.11 00:06:51.663,1.11896,1.119,1.25,6.00
2016.08.11 00:06:51.715,1.11896,1.11898,1.69,1.00
2016.08.11 00:06:51.766,1.11896,1.11898,3.19,1.00
2016.08.11 00:06:51.868,1.11896,1.11898,2.44,1.00
2016.08.11 00:06:51.919,1.11896,1.119,1.69,2.62
2016.08.11 00:06:52.072,1.11896,1.11897,1.25,1.35
2016.08.11 00:06:52.174,1.11895,1.11897,1.57,1.00
2016.08.11 00:06:52.225,1.11895,1.11897,1.00,1.00
2016.08.11 00:06:52.276,1.11896,1.11898,1.00,1.87
2016.08.11 00:06:52.480,1.11896,1.11899,1.00,5.32
2016.08.11 00:06:52.532,1.11896,1.11899,1.00,6.30
2016.08.11 00:06:52.888,1.11896,1.11899,1.00,6.60
2016.08.11 00:06:53.294,1.11896,1.11899,1.00,5.85
2016.08.11 00:06:55.795,1.11896,1.11898,1.00,1.20
2016.08.11 00:06:57.176,1.11896,1.11899,1.00,6.60
2016.08.11 00:06:57.226,1.11896,1.11899,1.00,5.85
2016.08.11 00:06:57.379,1.11896,1.11899,1.50,4.50
2016.08.11 00:06:58.459,1.11896,1.11898,1.00,4.05
2016.08.11 00:06:58.510,1.11895,1.11897,1.69,2.47
2016.08.11 00:06:58.561,1.11896,1.11897,1.00,1.00
2016.08.11 00:06:58.612,1.11894,1.11898,1.10,6.22
2016.08.11 00:06:58.663,1.11894,1.11898,1.01,3.45
2016.08.11 00:06:58.714,1.11896,1.11898,1.00,3.07
2016.08.11 00:06:58.816,1.11896,1.11898,1.00,1.57
2016.08.11 00:07:01.491,1.11896,1.11898,1.00,1.10
2016.08.11 00:07:02.270,1.11896,1.11898,1.25,1.10
2016.08.11 00:07:02.519,1.11896,1.119,1.25,5.25
2016.08.11 00:07:02.621,1.11897,1.119,1.00,5.25
2016.08.11 00:07:02.725,1.11898,1.119,1.00,4.57
2016.08.11 00:07:03.357,1.11898,1.119,1.00,3.82
2016.08.11 00:07:03.459,1.11898,1.119,1.00,4.57
2016.08.11 00:07:03.511,1.11898,1.119,1.00,4.20
2016.08.11 00:07:03.749,1.11896,1.119,1.25,4.20
2016.08.11 00:07:03.800,1.11896,1.11899,1.25,1.00
2016.08.11 00:07:05.712,1.11896,1.11899,1.25,1.12
2016.08.11 00:07:07.123,1.11896,1.11899,1.25,1.50
2016.08.11 00:07:12.098,1.11896,1.11897,1.25,1.00
2016.08.11 00:07:12.393,1.11895,1.11897,4.69,1.00
2016.08.11 00:07:13.040,1.11895,1.11897,3.94,1.00
2016.08.11 00:07:13.397,1.11895,1.11897,4.69,1.00
2016.08.11 00:07:13.448,1.11896,1.11897,1.25,1.00
2016.08.11 00:07:15.496,1.11896,1.11898,1.25,1.10
2016.08.11 00:07:16.502,1.11896,1.11898,1.25,1.20
2016.08.11 00:07:16.575,1.11896,1.11898,1.25,1.10
2016.08.11 00:07:20.381,1.11896,1.11898,1.25,1.80
2016.08.11 00:07:20.635,1.11896,1.11898,1.25,1.20
2016.08.11 00:07:20.686,1.11896,1.11898,1.25,1.10
2016.08.11 00:07:23.971,1.11895,1.11897,3.19,2.10
2016.08.11 00:07:24.022,1.11895,1.11897,2.44,3.60
2016.08.11 00:07:24.073,1.11895,1.11897,1.00,3.60
2016.08.11 00:07:24.124,1.11895,1.11897,1.00,4.35
2016.08.11 00:07:24.354,1.11894,1.11897,1.10,4.50
2016.08.11 00:07:24.433,1.11893,1.11895,1.00,6.37
2016.08.11 00:07:24.484,1.11893,1.11895,1.00,7.80
2016.08.11 00:07:24.535,1.11892,1.11894,1.25,2.10
2016.08.11 00:07:24.596,1.11892,1.11893,1.25,1.00
2016.08.11 00:07:29.813,1.11892,1.11894,1.25,2.25
2016.08.11 00:07:30.243,1.11892,1.11894,1.25,1.50
2016.08.11 00:07:30.294,1.11892,1.11894,1.25,1.00
2016.08.11 00:07:30.601,1.11892,1.11895,1.25,1.80
2016.08.11 00:07:33.334,1.11892,1.11895,1.69,1.42
2016.08.11 00:07:33.385,1.11892,1.11895,2.44,2.92
2016.08.11 00:07:33.435,1.11892,1.11895,2.44,1.57
2016.08.11 00:07:33.486,1.11892,1.11896,3.94,3.75
2016.08.11 00:07:33.537,1.11893,1.11896,1.25,1.10
2016.08.11 00:07:33.589,1.11894,1.11896,1.00,1.10
2016.08.11 00:07:33.640,1.11894,1.11897,2.44,1.10
2016.08.11 00:07:33.693,1.11895,1.11897,1.69,1.10
2016.08.11 00:07:33.744,1.11895,1.11898,2.44,1.57
2016.08.11 00:07:33.796,1.11897,1.11898,1.00,1.57
2016.08.11 00:07:34.077,1.11897,1.11899,1.25,1.50
2016.08.11 00:07:34.128,1.11897,1.11899,1.25,1.12
2016.08.11 00:07:34.180,1.11897,1.11898,1.25,1.10
2016.08.11 00:07:34.284,1.11897,1.11899,1.25,1.12
2016.08.11 00:07:34.335,1.11897,1.11899,1.25,1.50
2016.08.11 00:07:34.387,1.11897,1.11898,1.25,1.10
2016.08.11 00:07:34.590,1.11897,1.11899,1.25,3.37
2016.08.11 00:07:34.693,1.11897,1.11898,1.25,1.10
2016.08.11 00:07:35.548,1.11897,1.11898,1.25,1.57
2016.08.11 00:07:39.947,1.11897,1.11898,1.69,1.57
2016.08.11 00:07:40.660,1.11897,1.11898,1.69,1.10
2016.08.11 00:07:40.813,1.11897,1.11899,1.69,1.12
2016.08.11 00:07:43.081,1.11897,1.11898,1.69,1.10
2016.08.11 00:07:44.168,1.11897,1.11899,1.69,1.12
2016.08.11 00:07:49.420,1.11897,1.119,1.69,5.10
2016.08.11 00:07:49.882,1.11898,1.11899,1.00,1.12
2016.08.11 00:07:49.984,1.11898,1.119,1.00,1.50
2016.08.11 00:07:50.035,1.11898,1.119,1.69,1.10
2016.08.11 00:07:50.086,1.11898,1.11901,1.69,5.62
2016.08.11 00:07:50.137,1.11898,1.11901,1.69,5.32
2016.08.11 00:07:50.189,1.11898,1.11901,1.69,5.70
2016.08.11 00:07:50.240,1.11898,1.11901,1.00,5.70
2016.08.11 00:07:50.291,1.11897,1.11901,1.01,6.45
2016.08.11 00:07:50.443,1.11897,1.119,1.01,1.00
2016.08.11 00:07:50.494,1.11898,1.119,1.00,1.87
2016.08.11 00:07:50.733,1.11896,1.11899,1.31,1.00
2016.08.11 00:07:50.785,1.11896,1.11899,1.19,1.57
2016.08.11 00:07:50.837,1.11896,1.11899,1.69,1.57
2016.08.11 00:07:51.497,1.11896,1.11899,1.69,2.32
2016.08.11 00:07:51.994,1.11896,1.11899,1.69,1.57
2016.08.11 00:07:52.307,1.11896,1.11899,1.69,2.32
2016.08.11 00:07:52.409,1.11896,1.11899,1.69,3.22
2016.08.11 00:07:52.511,1.11896,1.11899,1.69,3.67
2016.08.11 00:07:53.289,1.11896,1.11898,1.69,1.30
2016.08.11 00:07:53.510,1.11896,1.11899,1.69,4.05
2016.08.11 00:07:53.958,1.11896,1.11898,1.69,1.30
2016.08.11 00:07:54.111,1.11896,1.11899,1.69,3.45
2016.08.11 00:07:54.269,1.11896,1.11899,1.69,3.60
2016.08.11 00:07:54.421,1.11896,1.11898,1.69,1.30
2016.08.11 00:07:54.472,1.11896,1.11899,1.69,3.30
2016.08.11 00:07:54.523,1.11896,1.11899,1.19,2.70
2016.08.11 00:07:54.676,1.11896,1.11899,1.19,2.85
2016.08.11 00:07:54.828,1.11896,1.11898,1.69,1.30
2016.08.11 00:07:55.647,1.11896,1.11898,1.69,1.05
2016.08.11 00:07:56.165,1.11896,1.11899,1.69,3.97
2016.08.11 00:07:56.216,1.11896,1.11899,1.19,3.00
2016.08.11 00:07:57.449,1.11896,1.11899,1.19,2.25
2016.08.11 00:07:57.500,1.11896,1.11898,3.19,1.10
2016.08.11 00:07:57.551,1.11896,1.11898,3.19,4.42
2016.08.11 00:07:57.602,1.11896,1.11898,1.50,5.85
2016.08.11 00:07:57.653,1.11897,1.11899,1.00,6.82
2016.08.11 00:07:57.704,1.11895,1.11898,1.25,1.50
2016.08.11 00:07:57.806,1.11896,1.11898,1.25,1.10
2016.08.11 00:07:57.908,1.11896,1.11899,1.25,2.62
2016.08.11 00:07:58.108,1.11896,1.11899,1.25,2.25
2016.08.11 00:07:58.869,1.11896,1.11899,1.25,1.50
2016.08.11 00:07:59.173,1.11896,1.11898,1.25,1.00
2016.08.11 00:07:59.224,1.11895,1.11898,2.44,1.00
2016.08.11 00:07:59.575,1.11895,1.11899,3.94,1.50
2016.08.11 00:07:59.626,1.11895,1.11899,5.44,1.50
2016.08.11 00:07:59.676,1.11895,1.11899,5.06,1.12
2016.08.11 00:07:59.727,1.11895,1.11899,4.69,1.00
2016.08.11 00:07:59.778,1.11895,1.11899,5.44,1.00
2016.08.11 00:07:59.829,1.11895,1.11899,6.19,1.00
2016.08.11 00:07:59.931,1.11896,1.11899,1.25,1.00
2016.08.11 00:08:00.639,1.11895,1.11899,3.94,1.00
2016.08.11 00:08:00.690,1.11895,1.11899,4.69,1.00
2016.08.11 00:08:00.741,1.11895,1.11899,5.44,1.00
2016.08.11 00:08:01.457,1.11895,1.11899,4.69,1.00
2016.08.11 00:08:01.563,1.11895,1.11899,5.44,1.00
2016.08.11 00:08:02.110,1.11895,1.11899,4.69,1.00
2016.08.11 00:08:02.212,1.11895,1.11899,5.44,1.00
2016.08.11 00:08:02.662,1.11895,1.11899,4.69,1.00
2016.08.11 00:08:02.764,1.11895,1.11899,5.44,1.00
2016.08.11 00:08:02.967,1.11895,1.11899,4.69,1.00
2016.08.11 00:08:03.069,1.11895,1.11899,5.44,1.00
2016.08.11 00:08:03.120,1.11895,1.11899,5.44,1.12
2016.08.11 00:08:03.529,1.11895,1.11899,4.69,1.12
2016.08.11 00:08:03.711,1.11895,1.11899,5.44,1.12
2016.08.11 00:08:03.864,1.11895,1.11899,4.69,1.12
2016.08.11 00:08:03.954,1.11895,1.11899,5.44,1.12
2016.08.11 00:08:04.165,1.11895,1.11899,4.69,1.12
2016.08.11 00:08:04.266,1.11895,1.11899,5.44,1.12
2016.08.11 00:08:04.706,1.11895,1.11899,4.69,1.12
2016.08.11 00:08:04.758,1.11895,1.11899,5.44,1.12
2016.08.11 00:08:05.115,1.11895,1.11899,4.69,1.12
2016.08.11 00:08:05.217,1.11895,1.11899,3.94,1.12
2016.08.11 00:08:05.565,1.11895,1.11899,4.69,1.12
2016.08.11 00:08:07.171,1.11895,1.11899,3.19,1.12
2016.08.11 00:08:07.222,1.11895,1.11899,2.44,1.12
2016.08.11 00:08:07.273,1.11895,1.11899,3.94,1.12
2016.08.11 00:08:07.324,1.11895,1.11899,4.69,1.12
2016.08.11 00:08:07.770,1.11895,1.11899,3.94,1.12
2016.08.11 00:08:08.082,1.11895,1.11899,4.69,1.12
2016.08.11 00:08:08.264,1.11895,1.11899,3.94,1.12
2016.08.11 00:08:08.371,1.11895,1.11899,4.69,1.12
2016.08.11 00:08:08.422,1.11895,1.11899,3.94,1.12
2016.08.11 00:08:08.525,1.11895,1.11899,4.69,1.12
2016.08.11 00:08:08.678,1.11895,1.11899,4.69,1.00
2016.08.11 00:08:09.249,1.11895,1.11899,4.69,1.12
2016.08.11 00:08:09.335,1.11895,1.11899,3.94,1.12
2016.08.11 00:08:09.436,1.11895,1.11899,4.69,1.12
2016.08.11 00:08:09.690,1.11895,1.11899,3.94,1.12
2016.08.11 00:08:09.741,1.11895,1.11899,3.19,1.12
2016.08.11 00:08:09.792,1.11895,1.11899,3.94,1.12
2016.08.11 00:08:09.843,1.11895,1.11899,4.69,1.12
2016.08.11 00:08:10.018,1.11895,1.11899,4.69,1.50
2016.08.11 00:08:10.277,1.11895,1.11899,3.94,1.50
2016.08.11 00:08:10.476,1.11895,1.11899,3.19,1.50
2016.08.11 00:08:10.528,1.11895,1.11899,3.19,1.65
2016.08.11 00:08:10.763,1.11895,1.11899,5.44,1.87
2016.08.11 00:08:11.332,1.11895,1.11899,4.69,2.62
2016.08.11 00:08:11.383,1.11895,1.11898,5.44,1.95
2016.08.11 00:08:11.434,1.11896,1.11898,1.25,1.57
2016.08.11 00:08:11.538,1.11896,1.11898,1.00,1.20
2016.08.11 00:08:11.589,1.11896,1.11897,1.00,1.00
2016.08.11 00:08:11.966,1.11896,1.11898,1.00,1.10
2016.08.11 00:08:12.484,1.11896,1.11899,1.00,4.50
2016.08.11 00:08:13.533,1.11896,1.11899,1.00,3.75
2016.08.11 00:08:18.510,1.11896,1.11899,1.00,3.00
2016.08.11 00:08:19.005,1.11896,1.11899,1.00,2.25
2016.08.11 00:08:19.586,1.11896,1.11899,1.25,2.25
2016.08.11 00:08:19.637,1.11896,1.11899,1.25,1.87
2016.08.11 00:08:19.688,1.11896,1.11899,1.25,1.50
2016.08.11 00:08:20.311,1.11896,1.11899,1.25,2.25
2016.08.11 00:08:20.362,1.11896,1.11899,1.00,2.25
2016.08.11 00:08:20.514,1.11896,1.11899,1.00,1.50
2016.08.11 00:08:20.565,1.11896,1.11899,1.00,1.12
2016.08.11 00:08:21.366,1.11896,1.11899,1.25,1.50
2016.08.11 00:08:30.424,1.11896,1.11898,1.25,1.95
2016.08.11 00:08:30.475,1.11896,1.11898,1.00,3.45
2016.08.11 00:08:30.671,1.11896,1.11898,1.00,2.62
2016.08.11 00:08:30.722,1.11897,1.11898,1.00,1.12
2016.08.11 00:08:30.774,1.11896,1.11898,1.00,1.87
2016.08.11 00:08:30.927,1.11897,1.11898,1.00,1.12
2016.08.11 00:08:36.431,1.11897,1.11898,1.00,1.00
2016.08.11 00:08:37.557,1.11897,1.11899,1.00,2.62
2016.08.11 00:08:37.609,1.11897,1.11899,1.50,2.25
2016.08.11 00:08:37.660,1.11898,1.11899,1.50,1.00
2016.08.11 00:08:37.711,1.11899,1.119,1.50,1.50
2016.08.11 00:08:37.814,1.11899,1.11901,1.50,2.50
2016.08.11 00:08:37.865,1.11899,1.11901,1.50,1.00
2016.08.11 00:08:38.351,1.119,1.11901,1.50,1.50
2016.08.11 00:08:38.656,1.119,1.11901,1.00,1.50
2016.08.11 00:08:38.758,1.119,1.11901,1.50,1.50
2016.08.11 00:08:39.168,1.119,1.11901,1.50,1.00
2016.08.11 00:08:39.576,1.119,1.11902,1.50,1.37
2016.08.11 00:08:39.627,1.11901,1.11903,1.00,2.85
2016.08.11 00:08:39.677,1.11901,1.11903,1.00,6.65
2016.08.11 00:08:39.728,1.119,1.11901,1.50,1.00
2016.08.11 00:08:40.859,1.119,1.11901,1.00,1.00
2016.08.11 00:08:41.156,1.119,1.11901,1.50,1.00
2016.08.11 00:08:41.595,1.119,1.11901,1.00,1.00
2016.08.11 00:08:41.698,1.119,1.11901,1.50,1.00
2016.08.11 00:08:43.683,1.119,1.11901,1.50,1.12
2016.08.11 00:08:44.069,1.119,1.11901,1.00,1.12
2016.08.11 00:08:44.171,1.119,1.11901,1.50,1.12
2016.08.11 00:08:44.818,1.119,1.11901,1.50,1.20
2016.08.11 00:08:45.073,1.119,1.11901,1.50,1.10
2016.08.11 00:08:46.574,1.119,1.11901,1.00,1.10
2016.08.11 00:08:46.821,1.119,1.11901,1.50,1.10
2016.08.11 00:08:47.574,1.119,1.11902,1.50,3.80
2016.08.11 00:08:48.366,1.119,1.11902,1.50,4.12
2016.08.11 00:08:48.518,1.119,1.11902,1.00,4.12
2016.08.11 00:08:48.620,1.119,1.11902,1.50,4.12
2016.08.11 00:08:49.561,1.119,1.11902,1.50,4.18
2016.08.11 00:08:50.281,1.119,1.11902,1.00,4.18
2016.08.11 00:08:50.383,1.119,1.11902,1.50,4.18
2016.08.11 00:08:52.829,1.119,1.11902,1.00,4.18
2016.08.11 00:08:53.110,1.119,1.11902,1.50,4.18
2016.08.11 00:08:55.117,1.119,1.11902,1.50,4.78
2016.08.11 00:08:55.168,1.119,1.11901,1.50,1.20
2016.08.11 00:08:55.219,1.11898,1.11901,1.69,3.07
2016.08.11 00:08:55.270,1.11899,1.119,1.00,1.10
2016.08.11 00:08:55.321,1.11899,1.11901,1.00,5.62
2016.08.11 00:08:55.372,1.11899,1.11901,1.00,6.60
2016.08.11 00:08:55.772,1.11899,1.11901,1.00,6.37
2016.08.11 00:08:56.238,1.11899,1.119,1.50,1.20
2016.08.11 00:08:56.339,1.11899,1.11901,1.00,4.12
2016.08.11 00:08:56.441,1.11899,1.11901,1.00,6.37
2016.08.11 00:08:57.372,1.11899,1.11901,1.00,6.60
2016.08.11 00:08:57.423,1.11899,1.119,1.50,1.20
2016.08.11 00:08:57.524,1.11899,1.11901,1.00,5.85
2016.08.11 00:08:57.626,1.11899,1.119,1.50,1.20
2016.08.11 00:08:57.728,1.11899,1.11901,1.00,3.60
2016.08.11 00:08:57.779,1.11899,1.11901,1.00,5.85
2016.08.11 00:08:58.372,1.11899,1.11901,1.00,3.60
2016.08.11 00:08:58.521,1.11899,1.119,1.50,1.20
2016.08.11 00:08:58.752,1.11899,1.11901,1.00,5.85
2016.08.11 00:08:59.175,1.11899,1.11901,1.00,6.60
2016.08.11 00:08:59.226,1.11898,1.119,1.50,1.57
2016.08.11 00:08:59.277,1.11898,1.11899,1.00,1.20
2016.08.11 00:08:59.327,1.11897,1.11898,3.00,1.87
2016.08.11 00:08:59.379,1.11896,1.11898,3.37,3.00
2016.08.11 00:08:59.429,1.11896,1.11897,3.00,1.00
2016.08.11 00:08:59.480,1.11896,1.11898,1.00,2.25
2016.08.11 00:08:59.532,1.11896,1.11898,1.00,1.87
2016.08.11 00:09:00.445,1.11896,1.11898,1.00,1.00
2016.08.11 00:09:00.496,1.11896,1.11899,1.00,4.95
2016.08.11 00:09:00.547,1.11896,1.11898,1.00,1.00
2016.08.11 00:09:00.598,1.11897,1.11899,1.00,3.30
2016.08.11 00:09:00.649,1.11897,1.11899,1.00,2.70
2016.08.11 00:09:00.700,1.11897,1.11899,1.00,2.17
2016.08.11 00:09:00.751,1.11897,1.11899,1.00,2.92
2016.08.11 00:09:00.802,1.11897,1.11899,1.00,3.52
2016.08.11 00:09:01.010,1.11897,1.11899,1.00,4.27
2016.08.11 00:09:01.110,1.11897,1.11898,1.00,1.87
2016.08.11 00:09:01.364,1.11897,1.11899,1.00,5.02
2016.08.11 00:09:02.388,1.11897,1.11899,1.00,4.27
2016.08.11 00:09:02.490,1.11897,1.11899,1.00,5.02
2016.08.11 00:09:03.581,1.11897,1.11899,1.00,4.05
2016.08.11 00:09:06.800,1.11897,1.11899,1.00,4.27
2016.08.11 00:09:07.028,1.11897,1.11899,1.00,3.90
2016.08.11 00:09:07.079,1.11897,1.11899,1.00,4.65
2016.08.11 00:09:07.181,1.11897,1.11899,1.00,3.90
2016.08.11 00:09:07.350,1.11897,1.11899,1.00,4.65
2016.08.11 00:09:08.365,1.11897,1.11899,1.00,4.42
2016.08.11 00:09:08.467,1.11897,1.11899,1.00,3.67
2016.08.11 00:09:10.963,1.11897,1.11899,1.00,2.92
2016.08.11 00:09:14.174,1.11897,1.11899,1.00,2.17
2016.08.11 00:09:19.787,1.11897,1.11899,1.00,2.55
2016.08.11 00:09:19.954,1.11897,1.11899,1.00,3.30
2016.08.11 00:09:23.108,1.11897,1.11899,1.00,5.02
2016.08.11 00:09:23.947,1.11897,1.11899,1.00,4.27
2016.08.11 00:09:23.998,1.11897,1.11899,1.00,4.05
2016.08.11 00:09:24.100,1.11897,1.11899,1.00,3.30
2016.08.11 00:09:30.212,1.11897,1.11899,1.00,2.55
2016.08.11 00:09:30.996,1.11897,1.11899,1.00,3.30
2016.08.11 00:09:31.075,1.11897,1.11899,1.00,2.70
2016.08.11 00:09:32.316,1.11897,1.11899,1.00,3.00
2016.08.11 00:09:34.294,1.11897,1.11899,1.00,2.25
2016.08.11 00:09:36.322,1.11897,1.11899,1.00,2.85
2016.08.11 00:09:36.880,1.11897,1.11899,1.00,3.60
2016.08.11 00:09:36.983,1.11897,1.11899,1.00,3.97
2016.08.11 00:09:37.205,1.11897,1.11899,1.00,3.30
2016.08.11 00:09:39.629,1.11897,1.11899,1.00,2.92
2016.08.11 00:09:39.680,1.11897,1.11899,1.00,2.55
2016.08.11 00:09:43.865,1.11897,1.11899,1.00,4.80
2016.08.11 00:09:43.916,1.11897,1.11899,1.00,5.77
2016.08.11 00:09:43.967,1.11897,1.11899,1.00,6.52
2016.08.11 00:09:44.325,1.11897,1.11899,1.00,5.77
2016.08.11 00:09:44.426,1.11897,1.11899,1.00,6.52
2016.08.11 00:09:44.794,1.11897,1.11899,1.00,6.15
2016.08.11 00:09:44.845,1.11897,1.11899,1.00,4.42
2016.08.11 00:09:44.895,1.11897,1.11899,1.00,2.17
2016.08.11 00:09:45.239,1.11897,1.11899,1.00,1.42
2016.08.11 00:09:46.231,1.11897,1.11899,1.00,1.72
2016.08.11 00:09:47.012,1.11897,1.11899,1.00,1.27
2016.08.11 00:09:48.425,1.11897,1.119,1.00,8.85
2016.08.11 00:09:48.476,1.11897,1.11899,1.00,1.27
2016.08.11 00:09:48.578,1.11897,1.11899,1.00,1.30
2016.08.11 00:09:49.322,1.11897,1.11899,1.00,1.72
2016.08.11 00:09:49.373,1.11897,1.11899,1.00,2.47
2016.08.11 00:09:49.475,1.11897,1.11899,1.00,2.10
2016.08.11 00:09:49.577,1.11897,1.11899,1.00,2.85
2016.08.11 00:09:49.887,1.11897,1.11899,1.00,2.10
2016.08.11 00:09:50.257,1.11897,1.11899,1.00,2.85
2016.08.11 00:09:50.355,1.11897,1.11899,1.00,3.60
2016.08.11 00:09:50.457,1.11897,1.11899,1.00,2.85
2016.08.11 00:09:50.762,1.11897,1.11899,1.00,3.60
2016.08.11 00:09:52.859,1.11897,1.11899,1.00,4.35
2016.08.11 00:09:52.910,1.11897,1.11898,1.00,1.10
2016.08.11 00:09:53.469,1.11897,1.11899,1.00,4.35
2016.08.11 00:09:53.766,1.11897,1.11899,1.00,3.60
2016.08.11 00:09:57.774,1.11897,1.11899,1.00,2.85
2016.08.11 00:09:57.825,1.11897,1.11899,1.00,1.12
2016.08.11 00:10:00.062,1.11898,1.119,1.00,5.47
2016.08.11 00:10:00.215,1.11898,1.119,1.00,4.72
2016.08.11 00:10:00.547,1.11898,1.119,1.00,5.47
2016.08.11 00:10:00.598,1.11898,1.119,1.00,4.72
2016.08.11 00:10:01.514,1.11897,1.119,1.00,4.72
2016.08.11 00:10:02.065,1.11898,1.119,1.00,4.72
2016.08.11 00:10:03.421,1.11897,1.11899,1.00,1.30
2016.08.11 00:10:04.406,1.11898,1.11899,1.00,1.30
2016.08.11 00:10:04.457,1.11898,1.119,1.00,3.07
2016.08.11 00:10:05.661,1.11898,1.119,1.00,3.82
2016.08.11 00:10:06.342,1.11898,1.119,1.00,2.17
2016.08.11 00:10:06.394,1.11897,1.11898,1.50,1.00
2016.08.11 00:10:06.496,1.11898,1.11899,1.12,1.50
2016.08.11 00:10:06.547,1.11898,1.119,2.44,3.07
2016.08.11 00:10:06.756,1.11898,1.119,3.19,2.25
2016.08.11 00:10:06.807,1.11898,1.11901,3.19,6.00
2016.08.11 00:10:06.949,1.11898,1.11901,3.94,6.00
2016.08.11 00:10:07.304,1.11898,1.11901,3.94,3.75
2016.08.11 00:10:07.406,1.11898,1.11901,3.94,6.00
2016.08.11 00:10:07.457,1.11898,1.11901,3.94,6.07
2016.08.11 00:10:08.402,1.11898,1.11901,3.94,3.82
2016.08.11 00:10:08.504,1.11898,1.11901,3.94,6.07
2016.08.11 00:10:08.707,1.11898,1.11901,3.94,3.82
2016.08.11 00:10:08.809,1.11898,1.11901,3.94,6.07
2016.08.11 00:10:09.366,1.11898,1.11901,3.94,5.32
2016.08.11 00:10:10.104,1.11898,1.11901,3.94,3.07
2016.08.11 00:10:10.205,1.11898,1.11901,3.94,5.32
2016.08.11 00:10:11.807,1.11898,1.11901,3.94,3.07
2016.08.11 00:10:11.909,1.11898,1.11901,3.94,5.32
2016.08.11 00:10:12.011,1.11898,1.11901,3.19,5.32
2016.08.11 00:10:12.112,1.11898,1.11901,3.19,3.07
2016.08.11 00:10:12.423,1.11898,1.11901,3.94,5.32
2016.08.11 00:10:14.534,1.11898,1.11901,3.94,3.07
2016.08.11 00:10:14.635,1.11898,1.11901,3.94,5.32
2016.08.11 00:10:14.748,1.11898,1.11901,5.44,5.32
2016.08.11 00:10:15.053,1.11898,1.11901,6.19,5.32
2016.08.11 00:10:15.103,1.11898,1.11901,5.44,5.32
2016.08.11 00:10:15.206,1.11898,1.11901,3.94,5.32
2016.08.11 00:10:15.410,1.11898,1.11901,3.94,3.07
2016.08.11 00:10:15.521,1.11898,1.11901,3.94,5.32
2016.08.11 00:10:15.822,1.11898,1.11901,3.94,3.07
2016.08.11 00:10:15.923,1.11898,1.11901,3.94,5.32
2016.08.11 00:10:16.218,1.11899,1.11901,1.25,5.32
2016.08.11 00:10:17.050,1.11899,1.11901,1.25,3.07
2016.08.11 00:10:17.152,1.11899,1.11901,1.25,5.32
2016.08.11 00:10:18.659,1.11899,1.11901,1.25,3.07
2016.08.11 00:10:18.828,1.11899,1.11901,1.25,5.32
2016.08.11 00:10:19.311,1.119,1.11901,1.00,5.32
2016.08.11 00:10:19.362,1.119,1.11902,2.50,3.37
2016.08.11 00:10:19.414,1.119,1.11902,1.00,1.00
2016.08.11 00:10:19.637,1.119,1.11902,2.62,1.00
2016.08.11 00:10:19.688,1.119,1.11901,1.12,3.00
2016.08.11 00:10:19.739,1.11899,1.11901,1.00,5.25
2016.08.11 00:10:19.841,1.11898,1.11901,2.44,3.00
2016.08.11 00:10:19.892,1.11898,1.11901,1.69,3.00
2016.08.11 00:10:19.943,1.11898,1.11901,1.69,5.25
2016.08.11 00:10:20.351,1.11898,1.11901,1.69,6.00
2016.08.11 00:10:20.504,1.11898,1.11901,1.69,5.25
2016.08.11 00:10:21.819,1.11898,1.11901,2.44,5.25
2016.08.11 00:10:24.673,1.11898,1.11901,2.44,6.00
2016.08.11 00:10:24.724,1.11898,1.11901,1.25,6.00
2016.08.11 00:10:24.963,1.11898,1.11901,1.25,7.50
2016.08.11 00:10:25.014,1.11898,1.11901,1.25,7.87
2016.08.11 00:10:25.065,1.11898,1.11901,1.25,7.50
2016.08.11 00:10:25.268,1.11898,1.11901,1.25,7.57
2016.08.11 00:10:25.421,1.11898,1.11901,1.25,8.32
2016.08.11 00:10:25.624,1.11898,1.11901,1.25,9.07
2016.08.11 00:10:25.878,1.11898,1.11901,1.25,6.07
2016.08.11 00:10:26.173,1.11898,1.11901,1.25,9.07
2016.08.11 00:10:26.777,1.11898,1.11901,1.25,6.07
2016.08.11 00:10:26.981,1.11898,1.11901,1.25,9.07
2016.08.11 00:10:27.548,1.11899,1.11901,1.54,7.57
2016.08.11 00:10:27.800,1.11898,1.11901,2.06,6.00
2016.08.11 00:10:27.851,1.11898,1.11901,1.69,6.00
2016.08.11 00:10:27.902,1.11898,1.11901,1.69,5.25
2016.08.11 00:10:28.054,1.11898,1.11901,2.44,5.25
2016.08.11 00:10:28.587,1.11898,1.11901,2.44,3.00
2016.08.11 00:10:28.791,1.11901,1.11902,1.00,6.75
2016.08.11 00:10:28.842,1.11901,1.11902,1.00,1.35
2016.08.11 00:10:28.893,1.119,1.11903,2.81,4.35
2016.08.11 00:10:29.086,1.119,1.11901,2.25,1.12
2016.08.11 00:10:29.137,1.11898,1.11901,1.25,7.58
2016.08.11 00:10:29.341,1.11898,1.11901,1.25,8.51
2016.08.11 00:10:29.392,1.11898,1.11901,1.25,8.89
2016.08.11 00:10:29.493,1.11898,1.11901,1.25,8.51
2016.08.11 00:10:30.051,1.11898,1.11901,1.25,5.51
2016.08.11 00:10:30.345,1.11898,1.11901,1.25,8.51
2016.08.11 00:10:30.557,1.11898,1.11901,1.25,9.26
2016.08.11 00:10:30.659,1.11898,1.11901,1.25,9.56
2016.08.11 00:10:31.070,1.11898,1.11901,1.25,6.56
2016.08.11 00:10:31.172,1.11898,1.11901,1.25,9.56
2016.08.11 00:10:31.274,1.11898,1.11901,1.25,10.31
2016.08.11 00:10:31.597,1.11898,1.11901,1.25,7.31
2016.08.11 00:10:31.882,1.11898,1.11901,1.25,10.31
2016.08.11 00:10:32.660,1.11899,1.11901,1.00,7.31
2016.08.11 00:10:32.711,1.11899,1.11901,1.00,6.56
2016.08.11 00:10:32.762,1.119,1.11901,1.00,1.00
2016.08.11 00:10:32.813,1.119,1.11902,1.00,3.45
2016.08.11 00:10:32.864,1.11898,1.11901,1.50,7.87
2016.08.11 00:10:33.088,1.11898,1.11901,1.00,4.12
2016.08.11 00:10:33.401,1.11898,1.11901,1.00,4.87
2016.08.11 00:10:33.452,1.11898,1.11901,1.00,6.37
2016.08.11 00:10:37.222,1.11898,1.11901,1.00,7.12
2016.08.11 00:10:37.273,1.11898,1.11901,1.00,5.62
2016.08.11 00:10:37.507,1.11898,1.11901,1.00,7.12
2016.08.11 00:10:37.775,1.11898,1.11901,1.00,5.62
2016.08.11 00:10:37.877,1.11898,1.11901,1.00,7.12
2016.08.11 00:10:37.928,1.11898,1.11901,1.00,7.50
2016.08.11 00:10:38.276,1.11898,1.11901,1.00,6.00
2016.08.11 00:10:38.398,1.11898,1.11901,1.00,7.50
2016.08.11 00:10:41.565,1.11898,1.11901,1.00,6.75
2016.08.11 00:10:41.883,1.11898,1.11901,1.00,5.25
2016.08.11 00:10:42.024,1.11898,1.11901,1.00,6.75
2016.08.11 00:10:42.914,1.11898,1.11901,1.00,5.25
2016.08.11 00:10:43.016,1.11898,1.11901,1.00,6.75
2016.08.11 00:10:43.219,1.11898,1.11901,1.00,5.25
2016.08.11 00:10:43.416,1.11898,1.11901,1.00,6.75
2016.08.11 00:10:46.424,1.11898,1.11901,1.00,5.25
2016.08.11 00:10:46.899,1.11898,1.11901,1.00,6.75
2016.08.11 00:10:48.450,1.11897,1.11901,1.00,7.50
2016.08.11 00:10:48.955,1.11896,1.11901,4.69,7.87
2016.08.11 00:10:49.056,1.11896,1.11901,3.19,9.37
2016.08.11 00:10:49.150,1.11896,1.11901,3.56,7.50
2016.08.11 00:10:49.556,1.11897,1.11901,1.00,7.50
2016.08.11 00:10:49.759,1.11897,1.11901,1.00,6.00
2016.08.11 00:10:49.810,1.11897,1.11901,1.00,7.50
2016.08.11 00:10:50.258,1.11897,1.11901,1.00,6.00
2016.08.11 00:10:50.463,1.11897,1.11901,1.00,7.50
2016.08.11 00:10:50.962,1.11897,1.11901,2.25,6.00
2016.08.11 00:10:51.033,1.11898,1.11901,1.50,3.07
2016.08.11 00:10:51.084,1.11897,1.11901,5.32,2.70
2016.08.11 00:10:51.136,1.11898,1.11901,1.00,1.87
2016.08.11 00:10:51.187,1.11899,1.11901,1.00,2.25
2016.08.11 00:10:51.289,1.11899,1.11901,1.00,1.50
2016.08.11 00:10:51.340,1.11899,1.11901,1.00,1.00
2016.08.11 00:10:51.551,1.11899,1.11901,1.50,1.00
2016.08.11 00:10:51.602,1.11899,1.11902,2.25,1.50
2016.08.11 00:10:51.655,1.11899,1.11902,2.25,1.00
2016.08.11 00:10:52.431,1.11899,1.11902,1.50,1.00
2016.08.11 00:10:52.533,1.11899,1.11902,2.25,1.00
2016.08.11 00:10:53.432,1.11899,1.11902,1.50,1.00
2016.08.11 00:10:53.738,1.11899,1.11902,2.25,1.00
2016.08.11 00:10:53.819,1.11899,1.11902,2.25,1.35
2016.08.11 00:10:53.870,1.11899,1.11901,1.50,1.00
2016.08.11 00:10:53.921,1.11899,1.11901,1.50,2.25
2016.08.11 00:10:53.972,1.11899,1.11901,1.00,4.50
2016.08.11 00:10:54.069,1.11896,1.11901,5.29,6.75
2016.08.11 00:10:54.120,1.11897,1.11901,1.69,4.87
2016.08.11 00:10:54.171,1.11898,1.11901,1.00,2.62
2016.08.11 00:10:54.222,1.11898,1.11901,1.00,1.87
2016.08.11 00:10:54.273,1.11898,1.11901,1.50,1.87
2016.08.11 00:10:54.476,1.11898,1.11901,1.50,1.12
2016.08.11 00:10:57.753,1.11898,1.11901,1.50,2.25
2016.08.11 00:10:58.658,1.11898,1.11901,1.50,1.87
2016.08.11 00:10:58.861,1.11898,1.11901,1.50,1.12
2016.08.11 00:10:58.912,1.11898,1.11902,3.37,3.37
2016.08.11 00:10:58.964,1.11898,1.11902,3.00,3.00
2016.08.11 00:10:59.015,1.11898,1.11902,3.75,3.00
2016.08.11 00:10:59.216,1.11898,1.11902,3.75,2.62
2016.08.11 00:10:59.267,1.11898,1.11902,5.25,1.87
2016.08.11 00:10:59.740,1.11898,1.11902,5.25,2.25
2016.08.11 00:10:59.791,1.11898,1.11902,4.87,2.25
2016.08.11 00:11:00.285,1.11898,1.11902,4.12,2.25
2016.08.11 00:11:00.769,1.11898,1.11902,4.87,2.25
2016.08.11 00:11:01.771,1.11898,1.11902,4.12,2.25
2016.08.11 00:11:01.872,1.11898,1.11902,4.87,2.25
2016.08.11 00:11:04.753,1.11898,1.11902,5.62,1.87
2016.08.11 00:11:04.804,1.119,1.11901,2.62,1.50
2016.08.11 00:11:05.010,1.119,1.11901,1.87,1.69
2016.08.11 00:11:05.061,1.11898,1.11901,1.12,2.81
2016.08.11 00:11:05.112,1.11898,1.11901,1.12,2.51
2016.08.11 00:11:05.366,1.11898,1.11901,1.87,2.51
2016.08.11 00:11:05.569,1.11898,1.11901,1.12,2.51
2016.08.11 00:11:05.620,1.11898,1.11901,1.12,2.81
2016.08.11 00:11:06.077,1.11898,1.11901,1.87,2.81
2016.08.11 00:11:06.586,1.11897,1.11899,4.87,1.00
2016.08.11 00:11:07.602,1.11897,1.11899,5.62,1.00
2016.08.11 00:11:07.653,1.11897,1.11899,4.12,1.00
2016.08.11 00:11:07.841,1.11897,1.11899,3.37,1.00
2016.08.11 00:11:07.893,1.11898,1.11899,1.00,1.10
2016.08.11 00:11:07.960,1.11896,1.11897,1.25,2.25
2016.08.11 00:11:08.011,1.11895,1.11896,7.05,1.69
2016.08.11 00:11:08.063,1.11895,1.11896,2.47,2.44
2016.08.11 00:11:08.114,1.11893,1.11894,3.60,1.87
2016.08.11 00:11:08.165,1.11893,1.11894,1.00,1.95
2016.08.11 00:11:08.216,1.11892,1.11894,1.00,1.20
2016.08.11 00:11:08.268,1.11892,1.11893,1.00,1.00
2016.08.11 00:11:08.319,1.11892,1.11894,1.00,2.70
2016.08.11 00:11:08.421,1.11889,1.11891,8.06,3.00
2016.08.11 00:11:08.472,1.11889,1.1189,1.12,6.75
2016.08.11 00:11:08.690,1.11885,1.11886,6.00,3.37
2016.08.11 00:11:08.741,1.11882,1.11885,2.14,1.12
2016.08.11 00:11:08.792,1.11882,1.11885,1.10,2.62
2016.08.11 00:11:08.843,1.11882,1.11884,1.00,1.12
2016.08.11 00:11:08.894,1.11882,1.11884,1.00,2.62
2016.08.11 00:11:08.946,1.11882,1.11884,1.00,1.87
2016.08.11 00:11:08.997,1.11883,1.11886,1.00,7.31
2016.08.11 00:11:09.049,1.11883,1.11886,1.00,5.51
2016.08.11 00:11:09.100,1.11883,1.11886,1.00,4.76
2016.08.11 00:11:09.151,1.11883,1.11886,1.00,4.69
2016.08.11 00:11:09.201,1.11882,1.11886,1.00,1.94
2016.08.11 00:11:09.253,1.11885,1.11888,1.69,4.12
2016.08.11 00:11:09.458,1.11885,1.11888,1.00,3.75
2016.08.11 00:11:09.515,1.11885,1.11889,1.00,2.25
2016.08.11 00:11:09.566,1.11884,1.11889,2.81,2.25
2016.08.11 00:11:09.728,1.11884,1.11889,2.81,3.00
2016.08.11 00:11:10.731,1.11884,1.11888,2.81,1.37
2016.08.11 00:11:10.884,1.11884,1.11888,2.81,1.87
2016.08.11 00:11:11.781,1.11884,1.11888,3.56,1.37
2016.08.11 00:11:11.832,1.11884,1.11889,3.56,4.50
2016.08.11 00:11:15.545,1.11884,1.11889,3.56,4.87
2016.08.11 00:11:16.034,1.11885,1.11889,1.00,4.12
2016.08.11 00:11:16.135,1.11885,1.11889,1.00,3.75
2016.08.11 00:11:17.362,1.11885,1.11889,1.00,3.00
2016.08.11 00:11:18.979,1.11885,1.11889,1.00,3.75
2016.08.11 00:11:19.182,1.11885,1.11889,1.50,2.25
2016.08.11 00:11:19.233,1.11885,1.1189,1.87,7.87
2016.08.11 00:11:19.284,1.11886,1.1189,1.00,6.37
2016.08.11 00:11:19.335,1.11886,1.1189,1.00,4.87
2016.08.11 00:11:19.487,1.11886,1.1189,1.00,4.12
2016.08.11 00:11:19.818,1.11886,1.1189,1.50,3.75
2016.08.11 00:11:20.377,1.11886,1.1189,1.50,3.00
2016.08.11 00:11:21.001,1.11886,1.1189,1.50,3.37
2016.08.11 00:11:21.419,1.11886,1.1189,1.50,3.00
2016.08.11 00:11:23.875,1.11886,1.1189,2.25,2.25
2016.08.11 00:11:23.927,1.11887,1.1189,2.10,2.25
2016.08.11 00:11:23.978,1.11889,1.1189,1.50,2.62
2016.08.11 00:11:24.068,1.11888,1.11892,4.69,1.87
2016.08.11 00:11:24.120,1.11888,1.11891,2.51,1.00
2016.08.11 00:11:24.171,1.11888,1.11891,2.51,1.50
2016.08.11 00:11:24.412,1.1189,1.11892,1.50,1.95
2016.08.11 00:11:24.616,1.1189,1.11892,1.50,1.57
2016.08.11 00:11:25.023,1.1189,1.11892,1.00,1.57
2016.08.11 00:11:25.178,1.1189,1.11892,1.50,1.57
2016.08.11 00:11:26.990,1.1189,1.11892,1.50,1.10
2016.08.11 00:11:30.693,1.1189,1.11892,1.00,1.10
2016.08.11 00:11:30.794,1.1189,1.11892,1.50,1.10
2016.08.11 00:11:32.099,1.1189,1.11892,1.00,1.10
2016.08.11 00:11:32.150,1.11889,1.11892,1.25,1.10
2016.08.11 00:11:32.201,1.11889,1.11892,1.69,1.10
2016.08.11 00:11:32.530,1.11889,1.11892,1.69,1.20
2016.08.11 00:11:32.615,1.11889,1.11892,1.25,1.20
2016.08.11 00:11:32.666,1.11889,1.11892,1.69,1.10
2016.08.11 00:11:32.717,1.1189,1.11892,1.00,1.10
2016.08.11 00:11:32.920,1.11889,1.11892,2.44,1.10
2016.08.11 00:11:33.021,1.1189,1.11892,1.00,1.10
2016.08.11 00:11:33.174,1.1189,1.11892,1.50,1.10
2016.08.11 00:11:33.806,1.1189,1.11892,1.50,1.00
2016.08.11 00:11:34.010,1.1189,1.11892,1.00,1.00
2016.08.11 00:11:34.112,1.1189,1.11892,1.50,1.00
2016.08.11 00:11:35.228,1.1189,1.11892,1.00,1.00
2016.08.11 00:11:35.404,1.1189,1.11892,1.50,1.00
2016.08.11 00:11:37.323,1.1189,1.11892,1.00,1.00
2016.08.11 00:11:37.425,1.1189,1.11892,1.50,1.00
2016.08.11 00:11:38.714,1.1189,1.11892,1.00,1.00
2016.08.11 00:11:38.826,1.1189,1.11892,1.50,1.00
2016.08.11 00:11:39.719,1.1189,1.11892,1.00,1.12
2016.08.11 00:11:39.770,1.11888,1.11892,6.94,1.12
2016.08.11 00:11:40.141,1.11888,1.11892,6.56,1.12
2016.08.11 00:11:40.192,1.11888,1.11892,5.81,1.12
2016.08.11 00:11:40.253,1.11888,1.11892,5.06,1.12
2016.08.11 00:11:40.365,1.11888,1.11892,5.81,1.12
2016.08.11 00:11:41.834,1.11889,1.11892,1.01,1.12
2016.08.11 00:11:41.885,1.1189,1.11892,1.00,1.12
2016.08.11 00:11:42.040,1.1189,1.11892,1.50,1.12
2016.08.11 00:11:42.142,1.1189,1.11892,1.00,1.12
2016.08.11 00:11:42.345,1.1189,1.11892,1.50,1.12
2016.08.11 00:11:42.920,1.1189,1.11892,1.00,1.12
2016.08.11 00:11:43.083,1.1189,1.11892,1.50,1.12
2016.08.11 00:11:44.686,1.1189,1.11892,1.00,1.20
2016.08.11 00:11:44.787,1.1189,1.11892,1.50,1.20
2016.08.11 00:11:46.040,1.1189,1.11892,1.50,1.10
2016.08.11 00:11:46.294,1.1189,1.11892,1.00,1.10
2016.08.11 00:11:46.396,1.1189,1.11892,1.50,1.10
2016.08.11 00:11:46.447,1.1189,1.11892,1.00,1.10
2016.08.11 00:11:46.549,1.1189,1.11892,1.50,1.10
2016.08.11 00:11:46.803,1.1189,1.11892,1.50,1.00
2016.08.11 00:11:46.955,1.1189,1.11892,1.00,1.00
2016.08.11 00:11:47.006,1.11889,1.11892,1.01,1.00
2016.08.11 00:11:48.999,1.11889,1.11892,1.76,1.00
2016.08.11 00:11:49.152,1.11889,1.11892,1.57,1.00
2016.08.11 00:11:49.203,1.11889,1.11892,2.32,1.00
2016.08.11 00:11:49.305,1.1189,1.11892,1.50,1.10
2016.08.11 00:11:49.408,1.1189,1.11892,1.00,1.10
2016.08.11 00:11:49.997,1.11889,1.11892,3.75,1.10
2016.08.11 00:11:50.099,1.1189,1.11892,1.00,1.10
2016.08.11 00:11:50.698,1.11889,1.11892,3.75,1.10
2016.08.11 00:11:50.799,1.1189,1.11892,1.00,1.10
2016.08.11 00:11:51.106,1.11889,1.11892,3.75,1.10
2016.08.11 00:11:51.207,1.1189,1.11892,1.00,1.10
2016.08.11 00:11:55.564,1.1189,1.11892,1.00,1.00
2016.08.11 00:11:56.751,1.1189,1.11892,1.00,1.25
2016.08.11 00:11:56.852,1.1189,1.11892,1.00,1.00
2016.08.11 00:11:56.903,1.1189,1.11892,1.50,1.00
2016.08.11 00:11:57.010,1.1189,1.11892,1.00,1.00
2016.08.11 00:11:57.111,1.1189,1.11892,1.50,1.00
2016.08.11 00:11:57.314,1.11891,1.11892,1.00,1.00
2016.08.11 00:11:57.622,1.11891,1.11894,1.00,1.87
2016.08.11 00:11:57.673,1.11891,1.11894,1.00,1.57
2016.08.11 00:11:57.724,1.11891,1.11895,1.00,3.37
2016.08.11 00:11:57.775,1.11891,1.11895,1.00,3.75
2016.08.11 00:11:57.876,1.11891,1.11895,1.00,3.37
2016.08.11 00:12:00.061,1.11891,1.11895,1.50,2.62
2016.08.11 00:12:00.434,1.11892,1.11895,1.00,2.62
2016.08.11 00:12:01.169,1.11892,1.11895,1.00,1.87
2016.08.11 00:12:01.221,1.11892,1.11895,1.50,1.87
2016.08.11 00:12:01.374,1.11892,1.11895,1.50,1.12
2016.08.11 00:12:01.425,1.11892,1.11895,1.00,1.12
2016.08.11 00:12:04.516,1.11892,1.11895,1.50,1.12
2016.08.11 00:12:04.618,1.11892,1.11896,2.25,3.75
2016.08.11 00:12:06.477,1.11892,1.11896,3.00,3.75
2016.08.11 00:12:08.360,1.11894,1.11896,1.00,2.62
2016.08.11 00:12:08.411,1.11894,1.11896,1.00,3.00
2016.08.11 00:12:08.565,1.11892,1.11896,2.25,3.00
2016.08.11 00:12:09.450,1.11892,1.11896,2.25,3.75
2016.08.11 00:12:10.103,1.11892,1.11896,2.25,4.50
2016.08.11 00:12:10.154,1.11892,1.11893,1.50,1.50
2016.08.11 00:12:10.205,1.11892,1.11893,1.50,1.87
2016.08.11 00:12:10.256,1.11892,1.11895,1.50,2.25
2016.08.11 00:12:10.307,1.11892,1.11896,1.50,4.50
2016.08.11 00:12:10.357,1.11892,1.11895,1.50,1.50
2016.08.11 00:12:10.408,1.11892,1.11895,1.50,2.25
2016.08.11 00:12:10.510,1.11892,1.11895,1.50,1.50
2016.08.11 00:12:10.611,1.11892,1.11895,1.50,2.25
2016.08.11 00:12:10.763,1.11892,1.11895,2.25,2.25
2016.08.11 00:12:10.814,1.11892,1.11895,2.25,1.50
2016.08.11 00:12:10.915,1.11892,1.11895,2.25,2.25
2016.08.11 00:12:11.249,1.11892,1.11895,2.25,1.50
2016.08.11 00:12:11.521,1.11892,1.11895,2.25,1.00
2016.08.11 00:12:14.287,1.11892,1.11895,1.50,1.00
2016.08.11 00:12:14.656,1.11892,1.11895,2.25,1.00
2016.08.11 00:12:16.667,1.11894,1.11896,3.25,3.00
2016.08.11 00:12:16.718,1.11894,1.11896,3.25,2.62
2016.08.11 00:12:16.770,1.11895,1.11896,1.50,2.25
2016.08.11 00:12:16.821,1.11895,1.11896,2.25,2.25
2016.08.11 00:12:16.923,1.11895,1.11896,3.00,2.25
2016.08.11 00:12:16.974,1.11895,1.11896,3.75,2.25
2016.08.11 00:12:18.170,1.11895,1.11896,3.00,2.25
2016.08.11 00:12:18.221,1.11895,1.11896,2.25,2.25
2016.08.11 00:12:18.272,1.11895,1.11896,3.00,2.25
2016.08.11 00:12:18.469,1.11895,1.11896,2.25,2.25
2016.08.11 00:12:18.520,1.11895,1.11896,3.00,2.25
2016.08.11 00:12:18.571,1.11895,1.11896,3.75,2.25
2016.08.11 00:12:18.724,1.11895,1.11896,3.00,2.25
2016.08.11 00:12:19.022,1.11895,1.11896,3.75,2.25
2016.08.11 00:12:19.880,1.11895,1.11896,5.25,2.25
2016.08.11 00:12:19.931,1.11895,1.11896,4.50,2.25
2016.08.11 00:12:19.982,1.11895,1.11896,2.25,2.25
2016.08.11 00:12:21.378,1.11895,1.11896,1.50,2.25
2016.08.11 00:12:21.752,1.11895,1.11896,2.25,2.25
2016.08.11 00:12:23.986,1.11895,1.11896,1.50,2.25
2016.08.11 00:12:24.088,1.11895,1.11896,2.25,2.25
2016.08.11 00:12:24.751,1.11895,1.11896,1.50,2.25
2016.08.11 00:12:24.995,1.11895,1.11896,2.25,2.25
2016.08.11 00:12:25.097,1.11895,1.11896,1.50,2.25
2016.08.11 00:12:25.151,1.11895,1.11896,2.25,2.25
2016.08.11 00:12:25.253,1.11895,1.11896,1.50,2.25
2016.08.11 00:12:25.575,1.11895,1.11896,2.25,2.25
2016.08.11 00:12:27.272,1.11895,1.11896,1.50,2.25
2016.08.11 00:12:27.591,1.11895,1.11896,2.25,2.25
2016.08.11 00:12:28.362,1.11895,1.11896,1.50,2.25
2016.08.11 00:12:28.592,1.11895,1.11896,2.25,2.25
2016.08.11 00:12:29.804,1.11895,1.11896,1.50,2.25
2016.08.11 00:12:30.097,1.11895,1.11896,2.25,2.25
2016.08.11 00:12:31.119,1.11895,1.11896,1.50,2.25
2016.08.11 00:12:31.170,1.11895,1.11896,2.25,2.25
2016.08.11 00:12:32.924,1.11895,1.11896,1.50,2.25
2016.08.11 00:12:33.025,1.11895,1.11896,4.50,2.25
2016.08.11 00:12:33.076,1.11896,1.11898,1.00,14.25
2016.08.11 00:12:33.758,1.11896,1.11898,1.00,10.50
2016.08.11 00:12:33.809,1.11895,1.11897,8.25,6.37
2016.08.11 00:12:34.217,1.11896,1.11897,1.50,6.37
2016.08.11 00:12:35.006,1.11896,1.11898,1.00,10.50
2016.08.11 00:12:41.819,1.11896,1.11897,1.50,6.37
2016.08.11 00:12:45.097,1.11895,1.11897,9.25,6.37
2016.08.11 00:12:45.581,1.11895,1.11897,8.50,6.37
2016.08.11 00:12:45.682,1.11895,1.11897,9.25,6.37
2016.08.11 00:12:45.733,1.11895,1.11897,7.00,6.37
2016.08.11 00:12:45.885,1.11895,1.11897,6.25,6.37
2016.08.11 00:12:45.936,1.11895,1.11897,7.75,6.37
2016.08.11 00:12:45.987,1.11895,1.11897,8.50,6.37
2016.08.11 00:12:46.317,1.11895,1.11897,8.50,5.62
2016.08.11 00:12:46.434,1.11895,1.11897,7.00,5.62
2016.08.11 00:12:46.535,1.11895,1.11897,8.50,5.62
2016.08.11 00:12:46.840,1.11895,1.11897,7.00,5.62
2016.08.11 00:12:46.943,1.11895,1.11897,7.75,5.62
2016.08.11 00:12:47.825,1.11895,1.11897,7.00,5.62
2016.08.11 00:12:47.938,1.11895,1.11897,7.75,5.62
2016.08.11 00:12:47.989,1.11895,1.11897,7.00,5.62
2016.08.11 00:12:48.342,1.11895,1.11897,5.50,5.62
2016.08.11 00:12:48.393,1.11895,1.11897,6.25,5.62
2016.08.11 00:12:48.444,1.11895,1.11897,7.75,5.62
2016.08.11 00:12:48.847,1.11895,1.11897,8.50,5.62
2016.08.11 00:12:49.842,1.11895,1.11897,7.75,4.87
2016.08.11 00:12:50.444,1.11895,1.11897,6.25,4.87
2016.08.11 00:12:50.601,1.11895,1.11897,7.75,4.87
2016.08.11 00:12:50.894,1.11895,1.11897,7.00,4.87
2016.08.11 00:12:50.996,1.11895,1.11897,7.75,4.87
2016.08.11 00:12:51.276,1.11895,1.11897,7.00,4.87
2016.08.11 00:12:51.327,1.11895,1.11897,7.75,4.87
2016.08.11 00:12:51.631,1.11895,1.11897,5.50,4.87
2016.08.11 00:12:51.732,1.11895,1.11897,7.75,4.87
2016.08.11 00:12:51.834,1.11895,1.11897,6.25,4.87
2016.08.11 00:12:51.935,1.11895,1.11897,7.75,4.87
2016.08.11 00:12:51.986,1.11895,1.11897,7.00,4.87
2016.08.11 00:12:52.148,1.11895,1.11897,7.75,4.87
2016.08.11 00:12:52.234,1.11895,1.11897,5.50,4.87
2016.08.11 00:12:52.336,1.11895,1.11897,7.75,4.87
2016.08.11 00:12:52.386,1.11895,1.11897,7.00,4.87
2016.08.11 00:12:52.488,1.11895,1.11897,7.75,4.87
2016.08.11 00:12:52.901,1.11895,1.11897,7.00,4.87
2016.08.11 00:12:52.952,1.11895,1.11897,5.50,4.87
2016.08.11 00:12:53.100,1.11895,1.11897,6.25,4.87
2016.08.11 00:12:53.314,1.11895,1.11897,7.75,4.87
2016.08.11 00:12:53.610,1.11895,1.11897,7.00,4.87
2016.08.11 00:12:53.711,1.11895,1.11897,7.75,4.87
2016.08.11 00:12:54.155,1.11895,1.11897,6.25,4.87
2016.08.11 00:12:54.346,1.11895,1.11897,7.75,4.87
2016.08.11 00:12:54.855,1.11895,1.11897,7.00,4.87
2016.08.11 00:12:54.906,1.11895,1.11897,6.25,4.87
2016.08.11 00:12:55.006,1.11895,1.11897,8.50,4.87
2016.08.11 00:12:55.357,1.11895,1.11897,7.00,4.87
2016.08.11 00:12:55.458,1.11895,1.11897,8.50,4.87
2016.08.11 00:12:55.509,1.11895,1.11897,7.75,4.87
2016.08.11 00:12:55.611,1.11895,1.11897,8.50,4.87
2016.08.11 00:12:55.945,1.11895,1.11897,6.25,4.87
2016.08.11 00:12:56.207,1.11895,1.11897,7.00,4.87
2016.08.11 00:12:56.258,1.11895,1.11897,8.50,4.87
2016.08.11 00:12:57.246,1.11895,1.11897,7.75,4.87
2016.08.11 00:12:57.509,1.11895,1.11897,8.50,4.87
2016.08.11 00:12:57.560,1.11895,1.11897,7.75,4.87
2016.08.11 00:12:57.962,1.11895,1.11897,6.25,4.87
2016.08.11 00:12:58.063,1.11895,1.11897,7.00,4.87
2016.08.11 00:12:58.164,1.11895,1.11897,5.50,4.87
2016.08.11 00:12:58.408,1.11895,1.11897,5.50,3.37
2016.08.11 00:12:58.519,1.11895,1.11897,7.75,3.37
2016.08.11 00:12:58.651,1.11895,1.11897,7.00,3.37
2016.08.11 00:12:58.752,1.11895,1.11897,7.75,3.37
2016.08.11 00:12:58.803,1.11896,1.11898,1.00,7.50
2016.08.11 00:12:59.106,1.11896,1.11897,2.25,7.50
2016.08.11 00:12:59.820,1.11895,1.11897,9.00,7.50
2016.08.11 00:12:59.972,1.11895,1.11897,8.25,7.50
2016.08.11 00:13:00.349,1.11895,1.11897,8.25,1.12
2016.08.11 00:13:00.558,1.11895,1.11897,8.25,1.00
2016.08.11 00:13:01.023,1.11895,1.11897,6.75,1.00
2016.08.11 00:13:01.125,1.11895,1.11897,8.25,1.00
2016.08.11 00:13:01.320,1.11895,1.11901,6.75,5.10
2016.08.11 00:13:01.422,1.11895,1.11901,8.25,5.10
2016.08.11 00:13:01.574,1.11895,1.11901,7.50,5.10
2016.08.11 00:13:01.625,1.11895,1.11901,6.00,5.10
2016.08.11 00:13:01.761,1.11895,1.11901,6.75,5.10
2016.08.11 00:13:01.823,1.11895,1.11901,8.25,5.10
2016.08.11 00:13:02.126,1.11895,1.11901,6.75,5.10
2016.08.11 00:13:02.227,1.11895,1.11901,8.25,5.10
2016.08.11 00:13:02.589,1.11895,1.11901,7.50,12.22
2016.08.11 00:13:02.640,1.11895,1.11901,6.75,12.22
2016.08.11 00:13:02.691,1.11895,1.11901,7.50,12.22
2016.08.11 00:13:02.842,1.11895,1.11901,6.00,12.22
2016.08.11 00:13:02.943,1.11895,1.11901,6.75,12.22
2016.08.11 00:13:03.044,1.11895,1.11901,5.25,12.22
2016.08.11 00:13:03.227,1.11895,1.11901,6.75,12.22
2016.08.11 00:13:03.678,1.11895,1.11901,6.00,10.72
2016.08.11 00:13:03.729,1.11896,1.11901,1.50,6.97
2016.08.11 00:13:03.859,1.11896,1.11901,1.50,6.37
2016.08.11 00:13:04.530,1.11896,1.11901,1.50,4.50
2016.08.11 00:13:04.682,1.11896,1.11901,1.50,3.00
2016.08.11 00:13:04.875,1.11896,1.11901,1.50,4.50
2016.08.11 00:13:09.341,1.11896,1.11901,1.50,3.75
2016.08.11 00:13:10.394,1.11896,1.11901,1.50,4.50
2016.08.11 00:13:10.748,1.11896,1.11901,1.50,3.75
2016.08.11 00:13:12.684,1.11896,1.11901,1.50,4.50
2016.08.11 00:13:12.786,1.11896,1.11901,1.50,2.25
2016.08.11 00:13:12.852,1.11896,1.11901,1.50,3.75
2016.08.11 00:13:14.301,1.11896,1.11901,1.50,2.25
2016.08.11 00:13:14.463,1.11896,1.11901,1.50,3.75
2016.08.11 00:13:14.802,1.11896,1.11901,1.50,2.25
2016.08.11 00:13:14.900,1.11896,1.11901,1.50,3.75
2016.08.11 00:13:15.303,1.11896,1.11901,1.50,2.25
2016.08.11 00:13:15.504,1.11896,1.11901,1.50,3.75
2016.08.11 00:13:16.980,1.11896,1.11901,1.50,2.25
2016.08.11 00:13:17.080,1.11896,1.11901,1.50,3.75
2016.08.11 00:13:19.697,1.11896,1.11901,1.12,3.75
2016.08.11 00:13:19.748,1.11896,1.119,1.00,1.00
2016.08.11 00:13:19.951,1.11895,1.119,7.50,1.00
2016.08.11 00:13:20.009,1.11895,1.119,6.75,1.00
2016.08.11 00:13:20.215,1.11895,1.119,7.50,1.00
2016.08.11 00:13:20.266,1.11895,1.119,6.00,1.00
2016.08.11 00:13:20.367,1.11895,1.119,5.25,1.50
2016.08.11 00:13:20.418,1.11895,1.11898,3.00,1.00
2016.08.11 00:13:20.469,1.11895,1.11897,1.00,1.00
2016.08.11 00:13:20.520,1.11893,1.11897,1.00,1.12
2016.08.11 00:13:20.773,1.11892,1.11897,1.50,5.62
2016.08.11 00:13:20.823,1.11892,1.11897,1.00,6.00
2016.08.11 00:13:21.217,1.11892,1.11896,1.50,1.50
2016.08.11 00:13:21.369,1.11892,1.11897,1.00,4.50
2016.08.11 00:13:21.470,1.11892,1.11896,1.50,1.50
2016.08.11 00:13:22.201,1.11892,1.11897,1.00,3.75
2016.08.11 00:13:22.297,1.11892,1.11896,1.50,1.50
2016.08.11 00:13:22.470,1.11892,1.11897,1.00,3.75
2016.08.11 00:13:22.571,1.11892,1.11896,1.50,1.50
2016.08.11 00:13:23.207,1.11891,1.11895,1.00,1.87
2016.08.11 00:13:23.409,1.11891,1.11895,1.00,1.87
2016.08.11 00:13:23.875,1.11891,1.11895,1.00,1.12
2016.08.11 00:13:23.962,1.1189,1.11895,2.62,1.87
2016.08.11 00:13:24.012,1.1189,1.11895,1.87,4.12
2016.08.11 00:13:24.225,1.1189,1.11894,1.12,1.00
2016.08.11 00:13:24.326,1.11889,1.11894,2.25,1.00
2016.08.11 00:13:24.428,1.11889,1.11894,1.50,1.00
2016.08.11 00:13:24.681,1.11888,1.11894,5.25,1.00
2016.08.11 00:13:24.782,1.11889,1.11894,1.50,1.00
2016.08.11 00:13:25.581,1.11888,1.11894,5.25,1.00
2016.08.11 00:13:25.828,1.11889,1.11894,1.50,1.00
2016.08.11 00:13:27.333,1.11889,1.11895,2.25,4.87
2016.08.11 00:13:27.780,1.11889,1.11895,1.50,4.12
2016.08.11 00:13:27.850,1.11889,1.11895,1.50,3.37
2016.08.11 00:13:27.900,1.11889,1.11895,2.25,4.87
2016.08.11 00:13:28.485,1.11889,1.11895,3.00,4.87
2016.08.11 00:13:28.536,1.11891,1.11895,1.00,2.62
2016.08.11 00:13:28.587,1.11891,1.11895,1.00,1.12
2016.08.11 00:13:28.637,1.11891,1.11895,1.00,2.62
2016.08.11 00:13:28.688,1.11891,1.11895,1.00,1.87
2016.08.11 00:13:28.739,1.11891,1.11895,1.00,1.12
2016.08.11 00:13:29.435,1.11891,1.11896,1.00,3.00
2016.08.11 00:13:29.536,1.11891,1.11895,1.00,1.12
2016.08.11 00:13:31.739,1.1189,1.11895,4.87,1.12
